1928 3051
399 168 468 214 ια’,
942 186 1174 192 ..--..

392 283 639 321 denudatum
676 281 974 331 retrolinquens
1020 279 1279 330 capillitium,
1331 279 1443 331 quod
1488 280 1584 318 dein
1628 291 1734 318 non-

394 371 610 409 numquam
652 355 793 393 subtus
839 354 979 391 leviter
1024 363 1257 392 excavatum
1300 353 1621 392 observavimus.
1689 353 1737 391 In

395 433 590 484 sylvarum
620 433 708 466 imis
738 427 1012 481 penetralibus
1042 427 1246 466 umbrosis
1273 427 1479 479 paludosis
1509 427 1735 478 (ssIohoIzer

395 505 554 554 llaidc)
603 513 769 541 truncos
818 515 974 554 paucos
1023 500 1216 539 abietinos
1262 502 1468 554 dejectos,
1519 501 1736 554 putredine

391 579 548 632 jaunjam
579 577 826 623 solvendos,
857 577 967 628 fungi
997 576 1211 629 elegantuli
1239 576 1463 628 agminibus
1490 577 1610 629 longe
1637 575 1737 614 late-

394 667 472 705 que
503 652 697 691 obtectos
726 651 896 690 vidimus
926 652 1110 704 Augusto
1138 660 1179 690 et
1207 651 1453 702 Septembri·

499 728 588 778 289.
635 728 676 765 S.
719 736 888 764 ovata.

760 815 801 846 α,
833 812 922 837 atro
941 796 1088 856 -fusca

396 874 616 929 Stylidium
646 874 835 926 longum,
873 888 1032 914 sursum
1062 873 1218 921 debile,
1260 874 1368 912 undo
1398 874 1636 925 plerumque
1664 887 1739 911 nu—

395 960 450 988 tat
480 949 741 1001 capillitium,·
773 949 882 1001 quod
910 959 1127 1000 postquam
1157 948 1323 1000 pulvere
1354 962 1426 987 suo
1449 948 1636 986 orbatum
1659 958 1736 994 est,

394 1039 416 1064 e
461 1024 618 1062 rubello
662 1024 866 1075 eleganter
911 1037 1162 1074 purpureum
1210 1023 1360 1075 stylidii
1407 1026 1567 1074 apicem
1615 1021 1738 1060 oculo

395 1102 635 1139 scrutatoris
673 1098 904 1137 subducere
943 1111 1042 1148 prae
1079 1098 1238 1134 laxitate
1275 1110 1361 1134 non
1403 1097 1576 1148 amplius
1617 1096 1736 1134 valet.

364 1171 370 1175 ’
397 1172 601 1211 Peridinm
630 1172 929 1224 fugacissimum
960 1174 1098 1222 utique
1127 1181 1212 1209 est:
1244 1171 1368 1209 semel
1400 1180 1534 1208 tamen
1563 1169 1673 1208 bisve
1698 1173 1740 1208 in

396 1248 589 1299 exemplis
627 1247 724 1285 loco
762 1249 911 1284 tutiore
948 1245 1093 1284 adultis
1129 1245 1256 1284 frusta
1285 1244 1371 1296 ejus
1399 1245 1555 1297 aliquot
1585 1247 1738 1283 tenuis·-

395 1325 495 1361 sima
534 1322 665 1359 lacera
701 1321 963 1365 semisoluta‚
1011 1320 1153 1358 colore
1192 1319 1468 1372 praepulchro
1515 1319 1738 1371 chalybaeo

394 1396 609 1448 fulgentia,
651 1395 790 1435 videre
829 1398 1013 1447 contigit.
1080 1395 1316 1447 Pervulgata
1353 1397 1516 1446 species
1540 1396 1595 1431 ⁷-in
1622 1393 1741 1446 liguis

393 1471 513 1510 nudis
554 1473 758 1524 quercinis
786 1470 977 1522 aliisque,
1016 1472 1202 1522 apprime
1240 1472 1384 1521 pineis.
1439 1469 1632 1516 Aestate,
1670 1481 1738 1506 au-

397 1556 534 1585 tumno
553 1575 562 1590 ,
596 1546 754 1598 hyeme.

677 1700 739 1740 26.
807 1700 1456 1739 CRIBRARJA.

842 1808 880 1837 A.
924 1806 1290 1836 DICTYDIA.

501 1932 590 1969 290.
640 1917 685 1955 C.
729 1930 942 1955 cernua.

400 1992 569 2030 Reticuli
606 1991 755 2030 fabrica
793 2005 815 2029 a
842 1991 1008 2043 reliquis
1047 1989 1238 2028 omnibus
1278 1991 1422 2026 mirum
1453 1998 1645 2041 quantum
1673 2002 1738 2026 re—

397 2068 519 2106 cedit.
585 2068 660 2105 Est
689 2081 711 2105 e
745 2066 1052 2117 vulgatissimis,
1105 2078 1379 2116 congenerum
1416 2077 1529 2101 more
1569 2073 1740 2100 truncos

395 2142 718 2195 putridissimos‚
753 2141 944 2177 Pinornm
972 2142 1212 2191 praesertim
1234 2141 1408 2191 generis,
1441 2137 1598 2176 colens.
1655 2136 1741 2175 Ae-

395 2227 519 2264 state,
552 2219 714 2268 parcius
743 2225 951 2254 autumno.

502 2305 592 2344 291.
639 2292 687 2329 C.
727 2293 1083 2340 microcarpa.

398 2366 526 2404 Color
555 2366 732 2417 pulveris
761 2365 930 2410 lutosus,
960 2362 1040 2401 rufi
1062 2362 1159 2416 quid
1180 2362 1476 2402 subadmixtum
1497 2369 1740 2398 monstrans.

401 2441 621 2478 Reticulum
659 2444 768 2479 circa
805 2442 953 2492 stipitis
989 2441 1255 2477 insertionem
1296 2437 1429 2488 paullo
1467 2437 1617 2473 arctius
1655 2443 1741 2472 tex-

399 2525 499 2553 tum.
557 2515 622 2552 Ad
649 2515 753 2566 ligna
781 2517 902 2567 pinca
931 2513 1094 2566 putrida
1123 2511 1280 2564 dejecta
1309 2511 1405 2548 hinc
1432 2509 1553 2555 inde,
1584 2508 1659 2546 sed
1679 2511 1740 2545 in—

400 2588 651 2641 frequentior
667 2619 675 2635 ,
708 2592 890 2627 occurrit
909 2591 1072 2640 species
1097 2586 1333 2638 elegantula.
1388 2585 1407 2621 J
1416 2584 1512 2631 ulio,
1540 2583 1741 2636 Augusto.

400 2663 633 2713 (Moholzcr
660 2665 701 2701 Z
706 2663 972 2715 icgclschcune
983 2665 1014 2714 ).
