1928 3051
410 207 486 246 216

408 327 577 365 modum
613 322 909 370 memorabilis3
963 325 1171 370 omnium,
1221 332 1426 375 quotquot
1470 337 1545 364 nos
1592 325 1755 377 quidem

410 401 624 450 hucusque
664 398 864 444 vidimus,
915 399 1123 435 maximus.
1198 398 1331 436 Totus
1379 398 1505 437 diluto
1551 399 1756 438 alutaceo-

410 474 606 526 pallidus,
647 471 820 510 albidus.
880 470 1012 508 Pileus
1049 455 1286 522 speciminis
1314 471 1474 523 majoris
1503 482 1640 510 exacte
1669 480 1758 512 ses-'

411 547 637 599 quipedalis
677 546 754 595 (18
791 559 886 583 unc.
926 556 1140 583 mensurae
1175 545 1427 584 Dresdensis
1464 546 1662 585 diametro
1691 560 1758 586 ae-

412 623 587 674 quans),
629 633 704 672 pro
733 622 886 658 ratione
915 619 1151 665 subtenuis‚
1192 620 1357 657 modice
1395 633 1616 668 carnosus,
1659 620 1757 660 sub-

411 706 607 732 exsuceus
637 694 770 743 (unde
799 707 876 745 per
902 694 1056 745 aliquot
1085 693 1368 733 hebdomades
1397 693 1614 733 incolumis
1639 708 1662 733 a
1680 707 1757 732 no-

408 767 472 806 bis
501 770 776 819 asservatus):
808 777 988 806 ceterum
1020 767 1096 805 late
1125 766 1536 815 infundibuliformis,
1567 771 1608 806 in
1629 768 1756 806 fundo

409 842 597 881 obsolete
626 841 898 888 umbonatus,
929 841 1076 888 laevis,
1108 842 1187 880 nisi
1216 841 1324 894 quod
1354 842 1506 892 passim
1538 841 1753 891 (Fortuito‚

408 926 452 953 ut
480 915 664 966 videtur)
703 915 1067 967 subsquanmlosus
1103 925 1172 952 aut
1208 915 1428 954 rimulosus
1463 919 1536 962 sit;
1577 919 1756 968 margine

407 993 449 1027 in
477 990 678 1028 nonnullis
705 989 889 1035 lobatus,
930 989 1226 1028 subinvolutus.
1293 989 1498 1026 Lamellae
1527 989 1751 1036 confertae,

407 1074 598 1115 angustae
647 1063 695 1112 (5
739 1064 807 1101 lin.
848 1063 932 1102 fere
970 1064 1120 1113 latae).
1173 1063 1542 1109 subdecurrentes,
1590 1064 1754 1101 demum

409 1137 755 1176 subrufescentes.
832 1138 964 1188 Stipes
1001 1137 1138 1175 brevis
1177 1149 1337 1174 crassus
1387 1137 1465 1187 (εξ
1511 1150 1606 1176 unc.
1652 1137 1756 1176 latus

408 1211 664 1262 totidemque
693 1211 822 1261 altus)
852 1210 993 1248 firmus
1020 1209 1176 1248 solidus
1198 1209 1410 1255 subteres,
1443 1210 1605 1248 demum
1627 1209 1756 1249 fusce·

407 1297 544 1323 scens.
604 1285 737 1322 Pauca
772 1285 890 1323 unic&
921 1286 1008 1321 vice
1036 1283 1246 1322 habuimus
1280 1283 1484 1335 exempla,
1525 1287 1687 1322 inventa
1713 1287 1754 1324 in

407 1359 613 1398 umbrosis
651 1359 835 1398 dumosis
874 1357 1085 1397 ftondosis
1114 1359 1205 1409 (am
1233 1357 1434 1410 windigen
1464 1359 1637 1409 Damm)
1665 1372 1753 1398 me·

407 1433 477 1472 djo
507 1434 753 1486 Septembri.

511 1508 604 1547 656.
648 1509 700 1547 A.
745 1508 798 1547 O.
837 1507 1098 1546 involuta.

775 1597 816 1628 α,
848 1583 1044 1619 terrestris

771 1654 817 1704 β,
849 1657 1087 1706 truncigcna

408 1729 618 1768 Lamellae
645 1730 688 1766 in
716 1731 886 1781 utraque
915 1743 995 1767 var.
1025 1743 1148 1781 saepe
1181 1728 1548 1781 simpliciusculae,
1589 1742 1637 1767 ac
1666 1728 1755 1768 basi

409 1804 556 1851 etiam,
601 1805 842 1855 praesertim
883 1805 924 1841 in
954 1803 1000 1853 β,
1033 1803 1142 1841 haud
1177 1816 1268 1841 raro
1307 1817 1474 1854 prorsus
1511 1803 1754 1854 simpliciter

409 1877 691 1917 decurrentes.
769 1877 900 1929 Stipes
938 1881 980 1915 in
1014 1878 1092 1915 hae
1128 1877 1394 1928 utplurimum
1443 1877 1656 1929 obliquus,
1699 1875 1753 1915 ob

407 1953 557 2004 pileum
587 1952 684 1990 hinc
715 1961 866 1989 tantum
895 1951 1080 2002 perfecte
1109 1952 1310 1989 evolutum
1342 1951 1434 2002 plus
1454 1954 1584 1989 minus
1608 1964 1754 1989 excen-

407 2029 554 2072 tricus,
593 2025 797 2070 interdum
834 2039 1007 2077 prorsus
1044 2025 1231 2064 lateralis.
1297 2025 1486 2077 Vulgaris
1515 2035 1684 2076 utraque
1713 2027 1754 2061 in

407 2101 525 2152 sylvis
563 2104 770 2139 acerosis:
818 2099 865 2147 β,
905 2103 947 2137 in
985 2100 1086 2136 Pino
1131 2113 1260 2151 aeque
1296 2113 1344 2138 ae
1386 2098 1533 2136 Abiete
1580 2098 1750 2151 epixyla.

406 2174 648 2213 Praesertim
679 2173 936 2226 Septembri,
972 2173 1164 2212 Octobri.

510 2247 601 2300 637.
646 2249 697 2287 A.
741 2250 792 2286 O.
831 2247 981 2299 gilva.

772 2336 813 2369 a,
847 2323 1124 2358 cinnamomea

771 2410 841 2448 ⁶1²7,
874 2395 1058 2432 alumcea

405 2470 591 2508 Maculae
630 2472 670 2507 in
706 2469 919 2521 utriusque
957 2483 1037 2507 var.
1075 2469 1183 2520 pileo
1217 2467 1453 2520 fsequenter
1481 2467 1751 2506 observantur

405 2544 685 2595 guttiformes‚
727 2543 960 2590 dilutiores‚
1002 2543 1194 2595 pallidam
1239 2545 1281 2580 in
1320 2556 1362 2589 α,
1401 2544 1602 2586 minores,
1641 2540 1752 2579 haud

405 2617 509 2656 adeo
540 2617 686 2655 crebro
718 2617 885 2665 obviae,
919 2618 1039 2656 citius
1068 2616 1286 2655 evanidae:
1318 2618 1359 2653 in
1387 2630 1457 2668 ὙὙ,
1487 2614 1746 2665 majusculae,

406 2690 491 2730 fere
530 2705 696 2744 semper
733 2701 996 2745 praesentes,
1040 2692 1388 2744 persistentiores.
1451 2690 1604 2729 Differt
1629 2703 1749 2743 prac-
