1928 3051
1522 195 1593 235 IX

252 327 543 372 habendum
574 342 658 372 sex
698 325 914 371 brachiis
960 325 1208 370 instructo
1244 325 1301 384 (l.
1327 340 1361 368 c.
1389 322 1518 388 fasc.
1554 342 1593 369 1.

251 434 366 480 pag.
394 431 420 471 5
436 435 449 460 1
469 414 508 474 )!
548 428 594 462 et
617 416 804 460 similia
828 415 1058 476 plurima.

355 513 421 551 At
440 507 492 551 in
520 510 791 564 Systemate
814 521 920 549 non
945 516 1140 549 tantum
1163 503 1481 560 innovando,
1512 504 1596 548 sed

255 596 406 641 etiam
453 595 747 658 generibus,
795 593 1029 647 familiis,
1081 593 1337 654 speciebus
1379 593 1597 654 locuple—

254 687 408 730 tando
448 684 640 730 summa
668 684 857 728 cautela
882 699 1006 744 opus
1033 699 1136 727 esse
1162 681 1468 743 experientia
1493 698 1597 727 ma-

256 775 409 837 gistra
438 773 628 829 edocti,
668 788 847 835 genera
882 789 1017 817 nova
1054 771 1265 816 nonnisi
1305 773 1432 828 duo,
1470 771 1597 818 locis

223 861 232 875 ⁵
256 856 358 909 suis
397 864 528 907 ultra
563 863 891 918 illustranda,
930 861 1207 906 Pisolichwn
1243 863 1597 921 Cerastumque,

255 953 567 1013 totidemque
605 951 852 1007 familias,
893 951 1162 1014 Xylomata
1194 965 1376 1011 nempe
1408 950 1599 1013 epioeyla

257 1054 305 1088 et
324 1044 520 1087 Aecidia
555 1043 754 1096 (micola,
794 1040 1105 1086 admisimus.
1191 1044 1295 1085 Nec
1327 1040 1381 1084 in
1423 1039 1601 1100 specie-

257 1148 371 1178 rum
404 1148 618 1177 numero
651 1131 881 1194 augendo
920 1132 1043 1191 pede
1071 1130 1207 1188 justo
1244 1129 1485 1191 proniore
1520 1130 1598 1174 lu-

256 1222 585 1283 bentioreque
627 1221 924 1282 processisse
962 1236 1057 1266 nos
1090 1232 1349 1281 putamus:
1411 1217 1600 1281 fungos

258 1312 426 1373 potius
461 1312 586 1356 bene
624 1313 815 1356 multos
839 1313 1163 1374 Agaricorum
1197 1309 1492 1371 praeprimis
1517 1324 1599 1371 ge—

259 1400 393 1447 neris
416 1400 798 1456 intricatissimi,
839 1400 1001 1461 specie
1029 1399 1244 1447 forsitan
1268 1398 1470 1459 propria
1495 1413 1601 1443 non

261 1491 528 1553 indignos,
579 1491 876 1535 varietatum
921 1491 1035 1535 loco
1071 1489 1254 1534 vicinis
1292 1490 1600 1543 subnectere,

262 1598 412 1642 quam
445 1597 600 1625 manu
635 1581 808 1641 paullo
851 1579 1111 1624 audaciore
1158 1577 1412 1635 sejunctos
1449 1577 1603 1622 intro-

262 1670 438 1715 ducere
467 1671 756 1715 maluimus.
810 1669 958 1731 Quod
981 1669 1021 1713 si
1057 1668 1144 1729 qui
1175 1667 1516 1712 nihilominus
1543 1666 1601 1711 ab

262 1760 374 1805 aliis
412 1759 607 1820 pridem
648 1759 882 1820 descripti
907 1759 1040 1803 inter
1064 1774 1228 1803 novos
1262 1768 1511 1802 nostrates
1536 1756 1601 1800 ir-

262 1850 534 1911 repserint,
573 1850 707 1895 haud
743 1850 865 1895 adeo
902 1847 1173 1893 difficilem
1197 1846 1377 1892 erroris
1400 1846 1603 1891 veniam.

262 1941 507 1986 ruricolas
541 1957 658 1995 nos,
709 1956 734 1985 a
771 1938 1017 1984 thesauris
1052 1934 1403 2007 μητροπολεωυ
1437 1936 1602 1980 litera-

263 2030 376 2086 riis,
419 2030 839 2076 bibliothecarum
874 2028 1066 2074 scilicet
1090 2026 1339 2084 majorum
1372 2025 1603 2071 iconum-

266 2137 361 2182 que
385 2121 743 2181 pretiosiorum
767 2146 836 2154 -—
867 2118 1124 2173 Bulliardi,
1161 2115 1408 2171 Sowerbei,
1444 2115 1605 2160 Boleo-

266 2213 353 2267 nii,
391 2206 653 2274 Sclzc'ifferi,
690 2209 922 2263 Miclzelii,
959 2206 1166 2252 Βαεεσῖιίὶ
1203 2218 1292 2251 etc.
1315 2233 1382 2240 -—
1410 2221 1506 2250 usu
1539 2220 1608 2248 re·

264 2300 601 2355 motissimos,
670 2316 694 2344 a
738 2298 989 2356 judicibus
1034 2296 1202 2357 aequis
1251 2296 1608 2355 impetraturos

267 2404 551 2450 speramus:
590 2389 726 2433 unde
748 2404 840 2432 nec
877 2374 1210 2446 synonymiae
1248 2400 1403 2445 paene
1443 2382 1609 2428 omnis

269 2478 545 2533 defectum,
594 2495 693 2539 quo
740 2477 938 2522 laborat
981 2476 1186 2520 libellus
1230 2485 1427 2528 noster,
1475 2487 1609 2517 seve—

268 2570 398 2614 riore
436 2568 683 2614 sententia
718 2568 1076 2628 reprehensum
1109 2565 1174 2610 iri
1209 2564 1521 2610 arbitramur.
1544 2587 1611 2595 —-

269 2659 362 2706 Sed
385 2658 522 2704 fuere
560 2674 711 2719 porro
737 2668 928 2718 praeter
963 2656 1146 2717 species
1172 2670 1330 2700 novas
1355 2653 1410 2698 in
1437 2651 1610 2697 civita-

1518 2740 1545 2784 b
