<?xml version="1.0" encoding="UTF-8"?>
<!DOCTYPE html PUBLIC "-//W3C//DTD XHTML 1.0 Transitional//EN"
    "http://www.w3.org/TR/xhtml1/DTD/xhtml1-transitional.dtd">
<html xmlns="http://www.w3.org/1999/xhtml" xml:lang="en" lang="en">
 <head>
  <title>
</title>
<meta http-equiv="Content-Type" content="text/html;charset=utf-8" />
  <meta name='ocr-system' content='tesseract 3.04.00' />
  <meta name='ocr-capabilities' content='ocr_page ocr_carea ocr_par ocr_line ocrx_word'/>
</head>
<body>
  <div class='ocr_page' id='page_1' title='image "./conspectusfungor00albe_0108.png"; bbox 0 0 1928 3051; ppageno 0'>
   <div class='ocr_carea' id='block_1_1' title="bbox 389 149 1176 200">
    <p class='ocr_par' dir='ltr' id='par_1_1' title="bbox 389 149 1176 200">
     <span class='ocr_line' id='line_1_1' title="bbox 389 149 1176 200; baseline 0.001 0"><span class='ocrx_word' id='word_1_1' title='bbox 389 149 440 200; x_wconf 75' lang='grc'>76</span> <span class='ocrx_word' id='word_1_2' title='bbox 763 165 768 175; x_wconf 79' lang='grc'><em>’</em></span> <span class='ocrx_word' id='word_1_3' title='bbox 944 167 1176 180; x_wconf 80' lang='grc'>---··-·-</span> 
     </span>
    </p>
   </div>
   <div class='ocr_carea' id='block_1_2' title="bbox 384 265 1738 2687">
    <p class='ocr_par' dir='ltr' id='par_1_2' title="bbox 386 265 1731 612">
     <span class='ocr_line' id='line_1_2' title="bbox 493 265 1036 319; baseline -0.009 -11"><span class='ocrx_word' id='word_1_4' title='bbox 493 267 583 308; x_wconf 69' lang='grc'><strong>203.</strong></span> <span class='ocrx_word' id='word_1_5' title='bbox 629 268 669 306; x_wconf 92' lang='lat' dir='ltr'>S.</span> <span class='ocrx_word' id='word_1_6' title='bbox 711 265 1036 319; x_wconf 82' lang='lat' dir='ltr'>pubescens.</span> 
     </span>
     <span class='ocr_line' id='line_1_3' title="bbox 389 338 1729 392; baseline 0 -12"><span class='ocrx_word' id='word_1_7' title='bbox 389 342 538 380; x_wconf 70' lang='lat' dir='ltr'>For-mai</span> <span class='ocrx_word' id='word_1_8' title='bbox 576 344 700 379; x_wconf 80' lang='lat' dir='ltr'>variat</span> <span class='ocrx_word' id='word_1_9' title='bbox 734 340 907 392; x_wconf 58' lang='lat' dir='ltr'>globos&amp;</span> <span class='ocrx_word' id='word_1_10' title='bbox 946 349 988 377; x_wconf 90' lang='lat' dir='ltr'>et</span> <span class='ocrx_word' id='word_1_11' title='bbox 1022 338 1214 391; x_wconf 67' lang='lat' dir='ltr'>oblonga.</span> <span class='ocrx_word' id='word_1_12' title='bbox 1275 339 1584 380; x_wconf 84' lang='lat' dir='ltr'>Acutiusculum</span> <span class='ocrx_word' id='word_1_13' title='bbox 1621 348 1729 380; x_wconf 61' lang='lat' dir='ltr'>non-‘-</span> 
     </span>
     <span class='ocr_line' id='line_1_4' title="bbox 389 412 1728 467; baseline 0 -14"><span class='ocrx_word' id='word_1_14' title='bbox 389 428 627 467; x_wconf 81' lang='lat' dir='ltr'>numquam,</span> <span class='ocrx_word' id='word_1_15' title='bbox 658 413 795 453; x_wconf 83' lang='lat' dir='ltr'>medio</span> <span class='ocrx_word' id='word_1_16' title='bbox 824 426 950 464; x_wconf 80' lang='lat' dir='ltr'>saepe</span> <span class='ocrx_word' id='word_1_17' title='bbox 978 423 1222 452; x_wconf 82' lang='lat' dir='ltr'>excavatum.</span> <span class='ocrx_word' id='word_1_18' title='bbox 1283 412 1385 451; x_wconf 81' lang='lat' dir='ltr'>Villo</span> <span class='ocrx_word' id='word_1_19' title='bbox 1412 413 1563 453; x_wconf 78' lang='lat' dir='ltr'>baseos</span> <span class='ocrx_word' id='word_1_20' title='bbox 1592 414 1728 454; x_wconf 80' lang='lat' dir='ltr'>albido</span> 
     </span>
     <span class='ocr_line' id='line_1_5' title="bbox 386 486 1731 540; baseline 0.001 -14"><span class='ocrx_word' id='word_1_21' title='bbox 386 488 677 526; x_wconf 80' lang='lat' dir='ltr'>radiculiformi</span> <span class='ocrx_word' id='word_1_22' title='bbox 707 487 888 540; x_wconf 80' lang='lat' dir='ltr'>hymenii</span> <span class='ocrx_word' id='word_1_23' title='bbox 914 486 1041 525; x_wconf 83' lang='lat' dir='ltr'>fundo</span> <span class='ocrx_word' id='word_1_24' title='bbox 1068 497 1137 526; x_wconf 86' lang='lat' dir='ltr'>aut</span> <span class='ocrx_word' id='word_1_25' title='bbox 1162 487 1329 527; x_wconf 87' lang='lat' dir='ltr'>lamellis</span> <span class='ocrx_word' id='word_1_26' title='bbox 1349 488 1624 539; x_wconf 74' lang='lat' dir='ltr'>Agar-icarum</span> <span class='ocrx_word' id='word_1_27' title='bbox 1653 502 1731 540; x_wconf 66' lang='lat' dir='ltr'>pti-2</span> 
     </span>
     <span class='ocr_line' id='line_1_6' title="bbox 389 561 1511 612; baseline 0.001 -13"><span class='ocrx_word' id='word_1_28' title='bbox 389 565 651 601; x_wconf 84' lang='lat' dir='ltr'>trescentium</span> <span class='ocrx_word' id='word_1_29' title='bbox 680 561 843 600; x_wconf 71' lang='lat' dir='ltr'>infixum</span> <span class='ocrx_word' id='word_1_30' title='bbox 872 565 1025 612; x_wconf 83' lang='lat' dir='ltr'>passim</span> <span class='ocrx_word' id='word_1_31' title='bbox 1054 563 1237 601; x_wconf 83' lang='lat' dir='ltr'>occurrit</span> <span class='ocrx_word' id='word_1_32' title='bbox 1261 563 1373 602; x_wconf 89' lang='lat' dir='ltr'>Nov.</span> <span class='ocrx_word' id='word_1_33' title='bbox 1403 563 1511 602; x_wconf 85' lang='lat' dir='ltr'>Dec.</span> 
     </span>
    </p>

    <p class='ocr_par' dir='ltr' id='par_1_3' title="bbox 493 634 999 688">
     <span class='ocr_line' id='line_1_7' title="bbox 493 634 999 688; baseline -0.002 -13"><span class='ocrx_word' id='word_1_34' title='bbox 493 649 584 688; x_wconf 79' lang='lat'>209.</span> <span class='ocrx_word' id='word_1_35' title='bbox 632 636 672 674; x_wconf 88' lang='lat' dir='ltr'>S.</span> <span class='ocrx_word' id='word_1_36' title='bbox 711 634 999 687; x_wconf 86' lang='lat' dir='ltr'>Erysiphe.</span> 
     </span>
    </p>

    <p class='ocr_par' dir='ltr' id='par_1_4' title="bbox 754 708 1041 837">
     <span class='ocr_line' id='line_1_8' title="bbox 757 708 1041 755; baseline 0 -8"><span class='ocrx_word' id='word_1_37' title='bbox 757 724 798 755; x_wconf 74' lang='lat' dir='ltr'>a,</span> <span class='ocrx_word' id='word_1_38' title='bbox 830 708 1041 747; x_wconf 77' lang='lat' dir='ltr'>herbarum</span> 
     </span>
     <span class='ocr_line' id='line_1_9' title="bbox 754 781 1036 837; baseline 0.004 -17"><span class='ocrx_word' id='word_1_39' title='bbox 754 781 801 831; x_wconf 85' lang='grc' dir='ltr'>β,</span> <span class='ocrx_word' id='word_1_40' title='bbox 833 783 1036 837; x_wconf 81' lang='lat' dir='ltr'>coryleum</span> 
     </span>
    </p>

    <p class='ocr_par' dir='ltr' id='par_1_5' title="bbox 391 855 1733 1199">
     <span class='ocr_line' id='line_1_10' title="bbox 394 855 1728 909; baseline 0 -11"><span class='ocrx_word' id='word_1_41' title='bbox 394 874 433 906; x_wconf 66' lang='lat' dir='ltr'>a,</span> <span class='ocrx_word' id='word_1_42' title='bbox 473 861 514 896; x_wconf 75' lang='lat' dir='ltr'>in</span> <span class='ocrx_word' id='word_1_43' title='bbox 549 860 748 896; x_wconf 66' lang='lat' dir='ltr'>variarum</span> <span class='ocrx_word' id='word_1_44' title='bbox 791 857 1016 909; x_wconf 79' lang='lat' dir='ltr'>plantarum</span> <span class='ocrx_word' id='word_1_45' title='bbox 1065 855 1417 907; x_wconf 80' lang='lat' dir='ltr'>(Ranunculorum</span> <span class='ocrx_word' id='word_1_46' title='bbox 1457 860 1568 909; x_wconf 77' lang='lat' dir='ltr'>etc.)</span> <span class='ocrx_word' id='word_1_47' title='bbox 1607 858 1728 904; x_wconf 80' lang='lat' dir='ltr'>foliis,</span> 
     </span>
     <span class='ocr_line' id='line_1_11' title="bbox 392 931 1729 984; baseline -0.003 -12"><span class='ocrx_word' id='word_1_48' title='bbox 392 932 466 972; x_wconf 79' lang='lat' dir='ltr'>sed</span> <span class='ocrx_word' id='word_1_49' title='bbox 505 941 546 970; x_wconf 90' lang='lat' dir='ltr'>et</span> <span class='ocrx_word' id='word_1_50' title='bbox 584 935 625 970; x_wconf 90' lang='lat' dir='ltr'>in</span> <span class='ocrx_word' id='word_1_51' title='bbox 663 931 844 971; x_wconf 83' lang='lat' dir='ltr'>caulibus</span> <span class='ocrx_word' id='word_1_52' title='bbox 892 931 1132 979; x_wconf 80' lang='lat' dir='ltr'>herbarum,</span> <span class='ocrx_word' id='word_1_53' title='bbox 1179 946 1219 970; x_wconf 90' lang='lat' dir='ltr'>v.</span> <span class='ocrx_word' id='word_1_54' title='bbox 1259 945 1293 970; x_wconf 92' lang='lat' dir='ltr'>c.</span> <span class='ocrx_word' id='word_1_55' title='bbox 1331 931 1540 984; x_wconf 79' lang='lat' dir='ltr'>Delphinii</span> <span class='ocrx_word' id='word_1_56' title='bbox 1574 933 1729 984; x_wconf 77' lang='lat' dir='ltr'>Ajacis‚</span> 
     </span>
     <span class='ocr_line' id='line_1_12' title="bbox 393 1005 1733 1059; baseline -0.002 -14"><span class='ocrx_word' id='word_1_57' title='bbox 393 1009 536 1053; x_wconf 76' lang='lat' dir='ltr'>siccis,</span> <span class='ocrx_word' id='word_1_58' title='bbox 567 1006 801 1058; x_wconf 85' lang='lat' dir='ltr'>elegantula.</span> <span class='ocrx_word' id='word_1_59' title='bbox 857 1005 904 1054; x_wconf 81' lang='grc' dir='ltr'>β,</span> <span class='ocrx_word' id='word_1_60' title='bbox 934 1009 976 1043; x_wconf 87' lang='lat' dir='ltr'>in</span> <span class='ocrx_word' id='word_1_61' title='bbox 1004 1005 1110 1045; x_wconf 85' lang='lat' dir='ltr'>foliis</span> <span class='ocrx_word' id='word_1_62' title='bbox 1139 1006 1314 1059; x_wconf 85' lang='lat' dir='ltr'>coryleis</span> <span class='ocrx_word' id='word_1_63' title='bbox 1342 1009 1506 1057; x_wconf 86' lang='lat' dir='ltr'>passim.</span> <span class='ocrx_word' id='word_1_64' title='bbox 1569 1006 1733 1044; x_wconf 71' lang='lat' dir='ltr'>Tomen-</span> 
     </span>
     <span class='ocr_line' id='line_1_13' title="bbox 393 1080 1733 1133; baseline 0.001 -16"><span class='ocrx_word' id='word_1_65' title='bbox 393 1092 474 1117; x_wconf 76' lang='lat' dir='ltr'>tum</span> <span class='ocrx_word' id='word_1_66' title='bbox 502 1083 544 1117; x_wconf 90' lang='lat' dir='ltr'>in</span> <span class='ocrx_word' id='word_1_67' title='bbox 571 1080 648 1118; x_wconf 51' lang='lat' dir='ltr'>hee</span> <span class='ocrx_word' id='word_1_68' title='bbox 678 1093 801 1131; x_wconf 82' lang='lat' dir='ltr'>saepe</span> <span class='ocrx_word' id='word_1_69' title='bbox 829 1082 891 1118; x_wconf 77' lang='lat' dir='ltr'>vix</span> <span class='ocrx_word' id='word_1_70' title='bbox 919 1080 1065 1119; x_wconf 88' lang='lat' dir='ltr'>ullum:</span> <span class='ocrx_word' id='word_1_71' title='bbox 1096 1080 1273 1131; x_wconf 79' lang='lat' dir='ltr'>granula</span> <span class='ocrx_word' id='word_1_72' title='bbox 1300 1080 1424 1119; x_wconf 88' lang='lat' dir='ltr'>veluti</span> <span class='ocrx_word' id='word_1_73' title='bbox 1443 1092 1583 1132; x_wconf 83' lang='lat' dir='ltr'>aperta</span> <span class='ocrx_word' id='word_1_74' title='bbox 1605 1094 1733 1133; x_wconf 87' lang='lat' dir='ltr'>appa-</span> 
     </span>
     <span class='ocr_line' id='line_1_14' title="bbox 391 1154 929 1199; baseline 0 -8"><span class='ocrx_word' id='word_1_75' title='bbox 391 1163 497 1193; x_wconf 82' lang='lat' dir='ltr'>rent.</span> <span class='ocrx_word' id='word_1_76' title='bbox 555 1154 788 1199; x_wconf 83' lang='lat' dir='ltr'>Autumno,</span> <span class='ocrx_word' id='word_1_77' title='bbox 818 1167 929 1192; x_wconf 82' lang='lat' dir='ltr'>vere.</span> 
     </span>
    </p>

    <p class='ocr_par' dir='ltr' id='par_1_6' title="bbox 391 1229 1736 1563">
     <span class='ocr_line' id='line_1_15' title="bbox 497 1229 1326 1284; baseline -0.002 -19"><span class='ocrx_word' id='word_1_78' title='bbox 497 1240 587 1266; x_wconf 85' lang='lat'>210.</span> <span class='ocrx_word' id='word_1_79' title='bbox 633 1229 674 1266; x_wconf 87' lang='lat' dir='ltr'>S.</span> <span class='ocrx_word' id='word_1_80' title='bbox 716 1230 1048 1279; x_wconf 84' lang='lat' dir='ltr'>quercinum.</span> <span class='ocrx_word' id='word_1_81' title='bbox 1319 1280 1326 1284; x_wconf 86' lang='lat'>.</span> 
     </span>
     <span class='ocr_line' id='line_1_16' title="bbox 392 1299 1734 1353; baseline 0.001 -14"><span class='ocrx_word' id='word_1_82' title='bbox 392 1303 708 1353; x_wconf 79' lang='lat' dir='ltr'>Nonnumquam</span> <span class='ocrx_word' id='word_1_83' title='bbox 755 1301 865 1338; x_wconf 86' lang='lat' dir='ltr'>hemi</span> <span class='ocrx_word' id='word_1_84' title='bbox 888 1321 909 1329; x_wconf 89' lang='lat'>·-</span> <span class='ocrx_word' id='word_1_85' title='bbox 935 1299 1234 1352; x_wconf 84' lang='lat' dir='ltr'>ellipsoideum.</span> <span class='ocrx_word' id='word_1_86' title='bbox 1317 1300 1494 1352; x_wconf 81' lang='lat' dir='ltr'>Vulgare</span> <span class='ocrx_word' id='word_1_87' title='bbox 1540 1305 1582 1340; x_wconf 88' lang='lat' dir='ltr'>in</span> <span class='ocrx_word' id='word_1_88' title='bbox 1627 1301 1734 1341; x_wconf 73' lang='lat' dir='ltr'>foliis</span> 
     </span>
     <span class='ocr_line' id='line_1_17' title="bbox 393 1370 1735 1429; baseline 0.001 -17"><span class='ocrx_word' id='word_1_89' title='bbox 393 1376 588 1425; x_wconf 73' lang='lat' dir='ltr'><em>quercinis</em></span> <span class='ocrx_word' id='word_1_90' title='bbox 621 1397 675 1405; x_wconf 93' lang='lat'>—</span> <span class='ocrx_word' id='word_1_91' title='bbox 708 1378 835 1414; x_wconf 84' lang='lat' dir='ltr'>rarius</span> <span class='ocrx_word' id='word_1_92' title='bbox 872 1377 914 1412; x_wconf 90' lang='lat' dir='ltr'>in</span> <span class='ocrx_word' id='word_1_93' title='bbox 953 1370 1129 1429; x_wconf 77' lang='lat' dir='ltr'>fagineis</span> <span class='ocrx_word' id='word_1_94' title='bbox 1163 1396 1219 1404; x_wconf 94' lang='lat'><strong>—</strong></span> <span class='ocrx_word' id='word_1_95' title='bbox 1250 1377 1498 1414; x_wconf 86' lang='lat' dir='ltr'>rarissimum</span> <span class='ocrx_word' id='word_1_96' title='bbox 1536 1378 1579 1412; x_wconf 90' lang='lat' dir='ltr'>in</span> <span class='ocrx_word' id='word_1_97' title='bbox 1615 1377 1735 1428; x_wconf 79' lang='lat' dir='ltr'>pyri·</span> 
     </span>
     <span class='ocr_line' id='line_1_18' title="bbox 395 1448 1736 1502; baseline 0.002 -18"><span class='ocrx_word' id='word_1_98' title='bbox 395 1450 452 1486; x_wconf 77' lang='lat' dir='ltr'>nis</span> <span class='ocrx_word' id='word_1_99' title='bbox 489 1449 768 1502; x_wconf 82' lang='lat' dir='ltr'>sylvestribus.</span> <span class='ocrx_word' id='word_1_100' title='bbox 842 1450 1053 1488; x_wconf 82' lang='lat' dir='ltr'>Perenne:</span> <span class='ocrx_word' id='word_1_101' title='bbox 1105 1448 1181 1488; x_wconf 88' lang='lat' dir='ltr'>sed</span> <span class='ocrx_word' id='word_1_102' title='bbox 1218 1451 1458 1501; x_wconf 85' lang='lat' dir='ltr'>praesertim</span> <span class='ocrx_word' id='word_1_103' title='bbox 1495 1450 1658 1490; x_wconf 87' lang='lat' dir='ltr'>vernale</span> <span class='ocrx_word' id='word_1_104' title='bbox 1694 1459 1736 1488; x_wconf 91' lang='lat' dir='ltr'>et</span> 
     </span>
     <span class='ocr_line' id='line_1_19' title="bbox 391 1523 594 1563; baseline 0.005 -2"><span class='ocrx_word' id='word_1_105' title='bbox 391 1523 594 1563; x_wconf 75' lang='lat' dir='ltr'>aestivale.</span> 
     </span>
    </p>

    <p class='ocr_par' dir='ltr' id='par_1_7' title="bbox 384 1597 1737 2080">
     <span class='ocr_line' id='line_1_20' title="bbox 498 1597 1060 1649; baseline 0 -14"><span class='ocrx_word' id='word_1_106' title='bbox 498 1611 588 1636; x_wconf 84' lang='lat'>211.</span> <span class='ocrx_word' id='word_1_107' title='bbox 635 1599 676 1636; x_wconf 90' lang='lat' dir='ltr'>S.</span> <span class='ocrx_word' id='word_1_108' title='bbox 714 1597 1060 1649; x_wconf 88' lang='lat' dir='ltr'>populneum.</span> 
     </span>
     <span class='ocr_line' id='line_1_21' title="bbox 384 1670 1733 1729; baseline -0.001 -20"><span class='ocrx_word' id='word_1_109' title='bbox 384 1670 467 1729; x_wconf 26' lang='lat' dir='ltr'>‘Est</span> <span class='ocrx_word' id='word_1_110' title='bbox 495 1683 517 1709; x_wconf 85' lang='lat' dir='ltr'>e</span> <span class='ocrx_word' id='word_1_111' title='bbox 544 1673 712 1710; x_wconf 74' lang='lat' dir='ltr'>maxime</span> <span class='ocrx_word' id='word_1_112' title='bbox 742 1672 983 1718; x_wconf 86' lang='lat' dir='ltr'>trivialibus,</span> <span class='ocrx_word' id='word_1_113' title='bbox 1024 1671 1120 1710; x_wconf 83' lang='lat' dir='ltr'>folia</span> <span class='ocrx_word' id='word_1_114' title='bbox 1155 1673 1345 1710; x_wconf 76' lang='lat' dir='ltr'>semiviva</span> <span class='ocrx_word' id='word_1_115' title='bbox 1373 1674 1564 1724; x_wconf 85' lang='lat' dir='ltr'>siccaque</span> <span class='ocrx_word' id='word_1_116' title='bbox 1595 1672 1733 1724; x_wconf 86' lang='lat' dir='ltr'>Popu-</span> 
     </span>
     <span class='ocr_line' id='line_1_22' title="bbox 394 1745 1733 1798; baseline 0.002 -16"><span class='ocrx_word' id='word_1_117' title='bbox 394 1745 544 1791; x_wconf 82' lang='lat' dir='ltr'>Iorum,</span> <span class='ocrx_word' id='word_1_118' title='bbox 575 1747 717 1796; x_wconf 79' lang='lat' dir='ltr'>nigrae</span> <span class='ocrx_word' id='word_1_119' title='bbox 744 1756 786 1784; x_wconf 85' lang='lat' dir='ltr'>et</span> <span class='ocrx_word' id='word_1_120' title='bbox 814 1745 1026 1791; x_wconf 76' lang='lat' dir='ltr'>tremulae,</span> <span class='ocrx_word' id='word_1_121' title='bbox 1056 1745 1155 1783; x_wconf 70' lang='lat' dir='ltr'>mira</span> <span class='ocrx_word' id='word_1_122' title='bbox 1185 1746 1302 1796; x_wconf 65' lang='lat' dir='ltr'>copia</span> <span class='ocrx_word' id='word_1_123' title='bbox 1331 1759 1502 1794; x_wconf 85' lang='lat' dir='ltr'>vexans;-</span> <span class='ocrx_word' id='word_1_124' title='bbox 1533 1759 1733 1798; x_wconf 85' lang='lat' dir='ltr'>perenne.</span> 
     </span>
     <span class='ocr_line' id='line_1_23' title="bbox 393 1820 1737 1871; baseline 0 -13"><span class='ocrx_word' id='word_1_125' title='bbox 393 1820 528 1858; x_wconf 81' lang='lat' dir='ltr'>Simile</span> <span class='ocrx_word' id='word_1_126' title='bbox 555 1833 685 1870; x_wconf 88' lang='lat' dir='ltr'>porro</span> <span class='ocrx_word' id='word_1_127' title='bbox 715 1820 1006 1871; x_wconf 86' lang='lat' dir='ltr'>corpusculum</span> <span class='ocrx_word' id='word_1_128' title='bbox 1042 1822 1229 1871; x_wconf 79' lang='lat' dir='ltr'>paginam</span> <span class='ocrx_word' id='word_1_129' title='bbox 1258 1823 1514 1871; x_wconf 84' lang='lat' dir='ltr'>superiorem</span> <span class='ocrx_word' id='word_1_130' title='bbox 1542 1820 1737 1858; x_wconf 80' lang='lat' dir='ltr'>foliorum</span> 
     </span>
     <span class='ocr_line' id='line_1_24' title="bbox 395 1892 1735 1946; baseline 0 -14"><span class='ocrx_word' id='word_1_131' title='bbox 395 1893 540 1932; x_wconf 80' lang='lat' dir='ltr'>Salicis</span> <span class='ocrx_word' id='word_1_132' title='bbox 573 1892 756 1945; x_wconf 78' lang='lat' dir='ltr'>Capreae</span> <span class='ocrx_word' id='word_1_133' title='bbox 784 1893 975 1946; x_wconf 80' lang='lat' dir='ltr'>frequens</span> <span class='ocrx_word' id='word_1_134' title='bbox 1004 1897 1155 1945; x_wconf 84' lang='lat' dir='ltr'>passim</span> <span class='ocrx_word' id='word_1_135' title='bbox 1184 1893 1370 1932; x_wconf 88' lang='lat' dir='ltr'>obsidet:</span> <span class='ocrx_word' id='word_1_136' title='bbox 1411 1894 1484 1933; x_wconf 84' lang='lat' dir='ltr'>sed</span> <span class='ocrx_word' id='word_1_137' title='bbox 1513 1908 1564 1932; x_wconf 88' lang='lat' dir='ltr'>an</span> <span class='ocrx_word' id='word_1_138' title='bbox 1591 1893 1735 1946; x_wconf 69' lang='lat' dir='ltr'>Fungo·-</span> 
     </span>
     <span class='ocr_line' id='line_1_25' title="bbox 395 1967 1732 2020; baseline -0.001 -13"><span class='ocrx_word' id='word_1_139' title='bbox 395 1967 511 2007; x_wconf 82' lang='lat' dir='ltr'>sum?</span> <span class='ocrx_word' id='word_1_140' title='bbox 550 1980 603 2006; x_wconf 86' lang='lat' dir='ltr'>an</span> <span class='ocrx_word' id='word_1_141' title='bbox 639 1967 992 2020; x_wconf 84' lang='lat' dir='ltr'>entomogonum?</span> <span class='ocrx_word' id='word_1_142' title='bbox 1035 1967 1219 2006; x_wconf 85' lang='lat' dir='ltr'>nondum</span> <span class='ocrx_word' id='word_1_143' title='bbox 1255 1971 1352 2008; x_wconf 82' lang='lat' dir='ltr'>satis</span> <span class='ocrx_word' id='word_1_144' title='bbox 1390 1969 1531 2020; x_wconf 85' lang='lat' dir='ltr'>liquet.</span> <span class='ocrx_word' id='word_1_145' title='bbox 1605 1969 1732 2015; x_wconf 84' lang='lat' dir='ltr'>Vere,</span> 
     </span>
     <span class='ocr_line' id='line_1_26' title="bbox 394 2051 564 2080; baseline 0 0"><span class='ocrx_word' id='word_1_146' title='bbox 394 2051 564 2080; x_wconf 88' lang='lat' dir='ltr'>aestate.</span> 
     </span>
    </p>

    <p class='ocr_par' dir='ltr' id='par_1_8' title="bbox 395 2115 1738 2452">
     <span class='ocr_line' id='line_1_27' title="bbox 501 2115 1130 2167; baseline 0.002 -14"><span class='ocrx_word' id='word_1_147' title='bbox 501 2129 590 2154; x_wconf 86' lang='lat'>212.</span> <span class='ocrx_word' id='word_1_148' title='bbox 638 2116 679 2153; x_wconf 88' lang='lat' dir='ltr'>S.</span> <span class='ocrx_word' id='word_1_149' title='bbox 720 2115 1130 2167; x_wconf 81' lang='lat' dir='ltr'>sphaerioides.</span> 
     </span>
     <span class='ocr_line' id='line_1_28' title="bbox 396 2189 1738 2242; baseline 0.001 -14"><span class='ocrx_word' id='word_1_150' title='bbox 396 2190 586 2240; x_wconf 88' lang='lat' dir='ltr'>Speciem</span> <span class='ocrx_word' id='word_1_151' title='bbox 612 2190 913 2228; x_wconf 80' lang='lat' dir='ltr'>memorabilem</span> <span class='ocrx_word' id='word_1_152' title='bbox 930 2220 939 2237; x_wconf 90' lang='lat'>,</span> <span class='ocrx_word' id='word_1_153' title='bbox 969 2193 1074 2229; x_wconf 87' lang='lat' dir='ltr'>inter</span> <span class='ocrx_word' id='word_1_154' title='bbox 1102 2189 1322 2242; x_wconf 80' lang='lat' dir='ltr'>Sphaerias</span> <span class='ocrx_word' id='word_1_155' title='bbox 1350 2200 1392 2229; x_wconf 88' lang='lat' dir='ltr'>et</span> <span class='ocrx_word' id='word_1_156' title='bbox 1420 2189 1622 2229; x_wconf 72' lang='lat' dir='ltr'>Sclerotia</span> <span class='ocrx_word' id='word_1_157' title='bbox 1648 2205 1738 2230; x_wconf 88' lang='lat' dir='ltr'>me-</span> 
     </span>
     <span class='ocr_line' id='line_1_29' title="bbox 396 2254 1738 2317; baseline 0.002 -17"><span class='ocrx_word' id='word_1_158' title='bbox 396 2263 502 2300; x_wconf 84' lang='lat' dir='ltr'>diam</span> <span class='ocrx_word' id='word_1_159' title='bbox 539 2262 619 2313; x_wconf 86' lang='lat' dir='ltr'>(cf.</span> <span class='ocrx_word' id='word_1_160' title='bbox 660 2265 710 2302; x_wconf 89' lang='lat' dir='ltr'>N.</span> <span class='ocrx_word' id='word_1_161' title='bbox 751 2266 859 2316; x_wconf 91' lang='lat'>17.),</span> <span class='ocrx_word' id='word_1_162' title='bbox 907 2266 950 2302; x_wconf 88' lang='lat' dir='ltr'>in</span> <span class='ocrx_word' id='word_1_163' title='bbox 986 2267 1107 2303; x_wconf 83' lang='lat' dir='ltr'>ramis</span> <span class='ocrx_word' id='word_1_164' title='bbox 1151 2277 1230 2303; x_wconf 88' lang='lat' dir='ltr'>nos</span> <span class='ocrx_word' id='word_1_165' title='bbox 1278 2279 1440 2317; x_wconf 88' lang='lat' dir='ltr'>quoque</span> <span class='ocrx_word' id='word_1_166' title='bbox 1484 2254 1738 2304; x_wconf 80' lang='lat' dir='ltr'>tenuioribus</span> 
     </span>
     <span class='ocr_line' id='line_1_30' title="bbox 399 2336 1732 2390; baseline 0.005 -18"><span class='ocrx_word' id='word_1_167' title='bbox 399 2336 545 2389; x_wconf 77' lang='lat' dir='ltr'>Populi</span> <span class='ocrx_word' id='word_1_168' title='bbox 573 2338 765 2375; x_wconf 77' lang='lat' dir='ltr'>tremulae</span> <span class='ocrx_word' id='word_1_169' title='bbox 791 2338 886 2376; x_wconf 91' lang='lat' dir='ltr'>hinc</span> <span class='ocrx_word' id='word_1_170' title='bbox 914 2339 1010 2377; x_wconf 90' lang='lat' dir='ltr'>inde</span> <span class='ocrx_word' id='word_1_171' title='bbox 1037 2342 1264 2379; x_wconf 82' lang='lat' dir='ltr'>invenimus</span> <span class='ocrx_word' id='word_1_172' title='bbox 1301 2339 1536 2389; x_wconf 75' lang='lat' dir='ltr'>&lt;Moh0lzer</span> <span class='ocrx_word' id='word_1_173' title='bbox 1560 2339 1732 2390; x_wconf 81' lang='lat' dir='ltr'>Haide).</span> 
     </span>
     <span class='ocr_line' id='line_1_31' title="bbox 395 2410 954 2452; baseline 0.007 -5"><span class='ocrx_word' id='word_1_174' title='bbox 395 2410 602 2449; x_wconf 84' lang='lat' dir='ltr'>Autumno</span> <span class='ocrx_word' id='word_1_175' title='bbox 632 2412 747 2450; x_wconf 85' lang='lat' dir='ltr'>tardo</span> <span class='ocrx_word' id='word_1_176' title='bbox 777 2422 819 2451; x_wconf 83' lang='lat' dir='ltr'>et</span> <span class='ocrx_word' id='word_1_177' title='bbox 846 2426 954 2452; x_wconf 82' lang='lat' dir='ltr'>vere.</span> 
     </span>
    </p>

    <p class='ocr_par' dir='ltr' id='par_1_9' title="bbox 396 2486 1738 2687">
     <span class='ocr_line' id='line_1_32' title="bbox 501 2486 1737 2539; baseline 0.002 -17"><span class='ocrx_word' id='word_1_178' title='bbox 501 2497 605 2524; x_wconf 72' lang='lat' dir='ltr'>ons.</span> <span class='ocrx_word' id='word_1_179' title='bbox 661 2486 725 2523; x_wconf 88' lang='lat' dir='ltr'>En</span> <span class='ocrx_word' id='word_1_180' title='bbox 752 2489 897 2525; x_wconf 86' lang='lat' dir='ltr'>iterum</span> <span class='ocrx_word' id='word_1_181' title='bbox 927 2489 1159 2539; x_wconf 80' lang='lat' dir='ltr'>specierum</span> <span class='ocrx_word' id='word_1_182' title='bbox 1186 2487 1335 2526; x_wconf 88' lang='lat' dir='ltr'>huicce</span> <span class='ocrx_word' id='word_1_183' title='bbox 1358 2490 1496 2539; x_wconf 85' lang='lat' dir='ltr'>generi</span> <span class='ocrx_word' id='word_1_184' title='bbox 1514 2500 1737 2526; x_wconf 84' lang='lat' dir='ltr'>accensen-</span> 
     </span>
     <span class='ocr_line' id='line_1_33' title="bbox 397 2557 1738 2613; baseline 0.004 -19"><span class='ocrx_word' id='word_1_185' title='bbox 397 2557 538 2595; x_wconf 83' lang='lat' dir='ltr'>darum</span> <span class='ocrx_word' id='word_1_186' title='bbox 577 2558 770 2610; x_wconf 75' lang='lat' dir='ltr'>dyadem,</span> <span class='ocrx_word' id='word_1_187' title='bbox 823 2575 940 2613; x_wconf 84' lang='lat' dir='ltr'>quam</span> <span class='ocrx_word' id='word_1_188' title='bbox 975 2561 1158 2599; x_wconf 87' lang='lat' dir='ltr'>nondum</span> <span class='ocrx_word' id='word_1_189' title='bbox 1187 2565 1283 2601; x_wconf 89' lang='lat' dir='ltr'>satis</span> <span class='ocrx_word' id='word_1_190' title='bbox 1312 2561 1558 2613; x_wconf 84' lang='lat' dir='ltr'>exploratam</span> <span class='ocrx_word' id='word_1_191' title='bbox 1583 2564 1626 2600; x_wconf 89' lang='lat' dir='ltr'>in</span> <span class='ocrx_word' id='word_1_192' title='bbox 1653 2575 1738 2600; x_wconf 84' lang='lat' dir='ltr'>am—</span> 
     </span>
     <span class='ocr_line' id='line_1_34' title="bbox 396 2630 1368 2687; baseline 0.005 -18"><span class='ocrx_word' id='word_1_193' title='bbox 396 2630 503 2682; x_wconf 89' lang='lat' dir='ltr'>plius</span> <span class='ocrx_word' id='word_1_194' title='bbox 533 2634 842 2673; x_wconf 79' lang='lat' dir='ltr'>successoribus</span> <span class='ocrx_word' id='word_1_195' title='bbox 870 2638 1145 2687; x_wconf 82' lang='lat' dir='ltr'>proponimus</span> <span class='ocrx_word' id='word_1_196' title='bbox 1177 2649 1368 2676; x_wconf 84' lang='lat' dir='ltr'>examen:</span> 
     </span>
    </p>
   </div>
  </div>
 </body>
</html>
