1928 3051
1434 162 1535 202 ⁷81

188 293 214 318 a
240 289 439 331 sequente
469 279 595 318 forma
612 309 622 327 ,
663 282 782 318 etiam
820 283 899 320 situ
927 293 1010 319 non
1039 282 1289 333 caespitOSO.
1345 280 1395 320 In
1422 283 1539 334 pinc-

189 355 241 391 tis
271 363 311 391 et
338 354 517 406 abiegnis
548 352 766 406 frequens,
800 366 1012 394 autumno.

295 427 384 465 228.
432 428 478 465 L.
521 431 848 480 quercinum.

193 500 396 553 Caespites
424 505 571 554 magni.
633 503 806 540 Radices
836 505 1056 554 copiosae,
1102 503 1261 555 longae.
1327 504 1537 557 Frequens

189 578 341 613 crescit
380 575 483 614 haec
523 579 687 627 species
717 580 757 614 in
786 580 940 616 cortice
978 581 1192 628 vopei-arlo
1232 578 1356 626 (Seer
1381 579 1534 631 Allee),

186 661 265 687 nec
293 649 387 686 alibi
414 649 634 688 hactenus:
667 654 815 689 ceteris
845 652 1183 702 contemporalis.

293 736 400 761 ons.
461 724 605 762 Genus
648 724 752 771 hoc,
807 727 841 763 si
876 725 984 776 quod
1022 724 1153 771 aliud,
1202 726 1347 762 iterata
1384 727 1538 779 indiget

184 798 413 834 revisione:
461 798 538 848 qua
566 798 772 844 instituta,
821 798 873 835 ad
901 801 1142 837 sententiam
1176 798 1374 837 Bulliardi
1403 801 1454 839 de
1485 802 1534 840 L.

188 870 334 907 Proteo
364 874 595 909 numerosis
625 871 884 910 varietatibus
921 872 1185 923 superbiente
1203 902 1211 918 ,
1252 872 1388 911 forsan
1418 885 1458 912 et
1486 876 1536 913 ad

185 944 279 982 alias
309 948 543 996 specierum
570 945 862 993 reductiones,
900 959 1110 984 reversum
1140 948 1209 993 iri,
1252 957 1368 985 certo
1399 951 1534 987 omine

182 1013 439 1070 auguramur.
497 1021 634 1057 Notae
671 1023 779 1057 enim
807 1019 1028 1072 specificae
1058 1020 1302 1073 pleraeque,
1340 1036 1361 1060 a
1391 1024 1535 1062 colore

185 1107 224 1131 v.
256 1105 293 1144 g.
313 1122 322 1139 ,
374 1092 527 1140 forma,
578 1097 787 1141 verrucis,
839 1094 1020 1132 umbone
1070 1095 1137 1144 (in
1185 1095 1409 1147 junioribus
1449 1097 1534 1137 fere

184 1167 320 1213 nullo,
369 1170 432 1205 vix
470 1171 548 1206 nisi
584 1171 626 1205 in
663 1169 1030 1207 maturescentibus
1074 1169 1210 1220 paullo
1243 1180 1335 1209 ante
1366 1175 1534 1211 corticis

184 1241 465 1294 diruptionem
483 1271 492 1289 ‚
524 1246 590 1281 cui
617 1242 869 1282 inchoandae
898 1243 1122 1282 destinatus
1149 1254 1239 1290 est,
1271 1248 1533 1298 assurgente)

186 1315 424 1363 desumtae‚
471 1321 614 1356 aetatis
652 1318 951 1370 progredientis
987 1318 1280 1357 mutationibus
1317 1319 1421 1358 adeo
1457 1320 1533 1359 ob-

186 1393 329 1428 noxiae
358 1400 477 1438 sunt,
516 1401 561 1430 ut
589 1391 642 1430 de
670 1392 863 1431 limitibus
899 1392 1027 1433 firmis
1062 1397 1169 1432 inter
1197 1396 1360 1446 species
1387 1392 1531 1434 affines

187 1465 438 1505 stabiliendis
468 1479 591 1517 saepe
619 1480 793 1518 prorsus
826 1467 1128 1518 desperandum
1159 1483 1251 1508 esse
1280 1469 1478 1508 videatur.

452 1591 512 1630 16.
571 1592 1267 1633 SCLERODERMA.

288 1701 380 1739 229.
427 1689 468 1726 S.
511 1690 772 1726 citrinum.

181 1762 463 1814 Magnitudine
491 1764 598 1800 inter
630 1777 646 1800 1
677 1773 720 1801 et
746 1768 773 1814 4
799 1765 939 1803 uncias
960 1763 1084 1803 ludit:
1116 1768 1156 1803 in
1176 1768 1392 1818 gramineis
1411 1779 1530 1805 secus.

181 1839 287 1883 vias,
330 1839 372 1874 in
409 1838 560 1888 pinetis
589 1847 670 1876 etc.
702 1838 890 1890 vulgare,
936 1848 1129 1878 terrestre
1160 1851 1201 1879 et
1230 1844 1527 1893 truncigenum.
1582 1863 1591 1875 ι

182 1911 349 1950 Aestate
378 1921 550 1950 exeunte
579 1922 620 1950 et
647 1922 860 1951 autumno.

287 1985 378 2024 230.
425 1987 466 2024 S.
508 1987 838 2037 spadiceum.

181 2059 462 2112 Propinquum
491 2061 778 2108 antecedenti,
810 2062 884 2101 sed
903 2063 1060 2101 unciale
1081 2063 1192 2109 fere,
1223 2063 1525 2110 laeviusculmn.

178 2143 403 2185 gustatum,
436 2135 698 2186 spadiceum,
731 2135 875 2175 subtus
897 2138 1067 2188 pallens.
1126 2138 1271 2176 Rarius
1294 2138 1383 2175 illo:
1416 2148 1528 2176 cete-

178 2221 269 2245 rum
297 2208 391 2246 Ioco
422 2208 568 2257 (etiam
599 2212 806 2260 terrestri)
835 2223 884 2249 ac
913 2221 1098 2263 tempore
1125 2225 1369 2264 congruum.

287 2281 377 2320 231.
425 2285 465 2321 S.
507 2286 797 2322 cervinum.

545 2372 586 2402 α,
617 2357 880 2407 granulszcum

181 2430 325 2468 Aetate
354 2414 512 2482 juniore
543 2441 655 2470 extus
684 2432 832 2483 pallet,
871 2432 948 2484 jam
979 2442 1062 2470 tum
1091 2433 1378 2485 granulosum;
1418 2437 1525 2473 intus

179 2518 201 2542 e
231 2504 356 2543 dilute
385 2505 510 2543 rubro
539 2501 815 2558 purpurascit.
874 2507 1028 2546 Cortex
1054 2508 1149 2546 dein
1168 2512 1298 2560 magis
1320 2513 1526 2562 magisque
1560 2503 1561 2506 ¹

175 2579 386 2619 induratus
437 2580 655 2632 spadiceus
702 2582 858 2620 evadit:
905 2581 1078 2621 medulla
1115 2597 1137 2621 e
1174 2582 1296 2622 fusco
1334 2586 1525 2636 nigricat.

174 2653 348 2706 Vulgata
382 2658 546 2707 species
580 2656 741 2696 videtur
774 2660 817 2695 in
851 2659 1026 2708 pinetis:
1074 2671 1161 2696 non
1205 2658 1392 2698 obstante
1420 2662 1528 2698 enim

1428 2764 1469 2789 11
