1928 3051
373 176 449 228 364

366 293 537 353 salu-ica
578 295 734 333 eadem.
801 293 868 332 Ad
907 293 1043 334 discos
1075 296 1231 348 ligneos
1259 296 1448 337 mucidos
1477 301 1723 351 semiputres

375 371 619 422 butyrosos,
652 369 832 415 celim-is,
864 372 1006 408 rarior.
1064 370 1247 409 Aestate.

482 444 593 493 1084.
640 444 700 480 M.
742 442 1053 494 sulphurea.

376 517 498 556 Color
533 530 644 555 nunc
691 516 955 569 sulphureus,
1008 531 1117 557 nunc
1156 521 1199 556 in
1237 520 1483 559 ochraeeum
1529 535 1718 574 vergens.

370 592 419 630 In
447 591 561 630 malis
597 591 764 644 aliisque
802 591 1004 632 fructibus
1040 593 1213 633 mucidis
1251 594 1488 644 cellaribus‚
1527 595 1719 649 frequen-

372 669 465 705 tior.
530 667 650 705 Vere.
817 653 825 658 ’

480 740 588 780 1085.
633 741 694 779 M.
736 753 905 780 rosea.

370 814 530 853 Eodem
559 828 732 867 prorsus
760 815 855 855 loco
885 830 977 855 cum
1019 817 1079 855 M.
1111 816 1235 855 aurea
1271 816 1393 857 nobis
1432 817 1551 857 obvia
1590 817 1715 858 factae

370 889 434 927 ill-21
464 890 600 941 paullo
631 890 817 929 crebrior
846 901 887 930 et
915 891 1064 945 major,
1096 895 1301 932 incarnata
1328 893 1392 932 vel
1413 907 1547 934 rosea.
1586 895 1721 934 Aesti-

370 963 478 1003 valiS.

480 1038 592 1078 1086.
639 1040 701 1078 M.
743 1041 942 1092 glauca.

370 1112 565 1165 Stipitum
596 1114 714 1153 color
742 1115 855 1155 albus
892 1116 953 1154 vel
982 1117 1270 1169 glaucescens:
1311 1116 1578 1168 capitulorum
1614 1120 1720 1156 cine-

368 1191 671 1228 reo-caesius.
747 1190 933 1243 Vulgaris
971 1191 1071 1229 haec
1108 1190 1272 1229 infestat
1309 1204 1396 1229 non
1433 1190 1586 1231 fructus
1631 1202 1719 1230 tan-

367 1270 450 1299 tum
481 1272 769 1314 putrescentes
799 1265 987 1303 cellarum
1019 1276 1099 1305 etc.
1133 1265 1206 1304 sed
1230 1276 1271 1303 et
1290 1266 1393 1317 ligna
1416 1269 1563 1318 passim
1586 1270 1719 1318 putria

367 1338 512 1389 pinea,
544 1335 723 1375 abietina
750 1339 904 1392 aliaque
933 1343 1054 1380 varia.
1112 1342 1355 1380 Praesertim
1382 1354 1492 1380 vere.

477 1412 588 1464 1087.
631 1414 690 1451 M.
727 1414 891 1466 pulla.

367 1485 473 1524 Cum
511 1489 573 1526 M.
606 1488 731 1526 (ιιινεᾶ
762 1499 803 1526 et
832 1490 969 1538 rosea,
1008 1492 1106 1528 item
1133 1503 1243 1528 rara:
1283 1490 1486 1542 Augusto.
1551 1491 1720 1543 Species

367 1560 444 1612 jam
475 1566 704 1602 recensitae
734 1566 912 1617 quinque
942 1568 1117 1617 propius
1145 1565 1289 1604 affines
1319 1575 1435 1613 sunt⁷
1467 1568 1528 1604 vix
1549 1568 1626 1604 nisi
1649 1579 1720 1604 co-

367 1635 521 1675 loribus
552 1637 750 1678 diversae.
808 1640 942 1678 Modo
973 1639 1238 1692 impersectae
1261 1650 1507 1687 occurrunt,
1537 1641 1716 1688 sessiles,

365 1711 612 1763 amorphae:
644 1714 770 1752 modo
800 1718 981 1767 vigentes
998 1744 1015 1766 ‚q
1039 1713 1296 1767 effiguratae,
1328 1718 1554 1767 stipitatae,
1585 1716 1719 1766 stipite

366 1785 631 1837 utplurimum
661 1788 852 1828 dilutiore
883 1789 1068 1838 albente,
1101 1789 1238 1841 quoad
1262 1800 1451 1828 staturam
1474 1790 1718 1829 crassitiem-

366 1874 446 1911 que
476 1864 601 1900 vario.
658 1863 839 1901 Articuli
870 1864 1029 1902 filorum
1067 1865 1273 1912 minutuli‚
1320 1878 1397 1918 per
1426 1868 1524 1904 vitra
1553 1867 1716 1903 nonnisi

364 1939 600 1986 augentiora
630 1937 823 1976 visibiles.

476 2010 589 2050 1088.
634 2013 696 2050 M.
737 2013 978 2052 candida.

365 2084 549 2132 Minuta,
581 2087 826 2139 elegantula‚
859 2091 1108 2139 persistens,
1139 2088 1275 2140 stipite
1302 2087 1502 2127 mediocri
1531 2091 1628 2128 satis
1647 2087 1716 2127 fir-

364 2172 446 2197 mo.
506 2160 554 2197 In
584 2162 804 2201 corticibus
834 2163 1032 2215 iignisque
1062 2162 1394 2214 putrescentibus
1423 2166 1541 2202 variis
1563 2167 1716 2215 passim

365 2233 682 2287 (S‹·h‹')'p5wz'ese;
716 2236 871 2281 Haide;
904 2233 1188 2294 Rengersdorf
1211 2240 1335 2289 etc.):
1372 2240 1502 2276 rarior
1530 2238 1571 2276 in
1598 2238 1716 2289 Aget-

367 2310 460 2345 ricis
488 2321 587 2362 post
616 2312 875 2362 putredinem
904 2313 1123 2359 induratis,
1164 2313 1233 2350 ubi
1262 2315 1399 2365 stipite
1428 2313 1578 2364 gaudet
1604 2316 1715 2352 tenui

364 2383 488 2436 longo
520 2384 802 2438 subcapillari⁷
839 2387 1018 2439 capitulo
1050 2397 1229 2426 ceterum
1259 2387 1475 2440 sphaerico
1505 2398 1583 2427 etc.
1613 2402 1713 2427 con-

364 2471 474 2509 grua.
533 2460 724 2509 Aestate,
757 2471 966 2500 autumno.

641 2547 676 2576 Β.
738 2547 1435 2576 ASPERGILLUS.

474 2609 586 2661 1089.
631 2611 693 2648 M.
735 2610 972 2663 digitata.

364 2683 552 2731 Parvula,
596 2686 795 2737 gregaria,
842 2685 981 2738 glauca
1018 2685 1081 2724 vel
1117 2684 1486 2724 albido-cinerea.
1547 2685 1712 2738 Stipites
