1928 3051
304 277 391 318 350.
435 279 490 318 U.
529 277 663 317 Rubi
702 277 859 332 idaei.

198 352 387 405 Magnam
432 366 556 405 saepe
603 367 693 392 sese
736 352 921 400 exhibet,
971 351 1168 391 diametro
1207 367 1230 391 2
1268 352 1319 391 ad
1358 352 1381 391 3
1414 353 1540 393 lineas

197 439 399 479 aequans:
445 428 575 480 pulvis
612 438 695 466 tuln
730 427 981 466 memorabili
1016 441 1112 466 sane
1138 430 1291 466 ratione
1319 427 1538 467 annulatim

198 503 487 549 circumcirca,
529 501 780 554 epidermide
819 501 904 540 folii
942 504 985 539 in
1022 501 1135 554 fungi
1175 512 1317 541 centro
1357 503 1534 551 residua,

195 588 469 628 prorumpere
510 577 630 615 solet.
697 575 859 614 Habitat
897 589 1021 628 super
1048 575 1157 616 foliis
1183 575 1339 616 fruticis
1367 577 1430 614 vel
1460 577 1538 629 syl-

195 653 340 689 vestris
368 650 432 690 vel
458 651 664 690 hortensis
705 653 884 702 passim,
923 653 1158 703 neutiquam
1195 664 1293 689 rara.
1349 652 1459 690 Vere
1488 664 1536 689 ac

193 733 360 762 aestate.

296 795 388 835 351.
434 797 490 835 U.
531 797 660 836 Ledi
699 810 866 836 NOBIS.

197 870 243 909 U.
274 883 418 923 sparsa
447 882 755 924 aggregataque
783 871 950 909 miniato
970 891 985 899 ·
1004 872 1197 909 (iurantia.
1221 869 1531 924 suhcylindrim,

190 944 351 997 pulvere
380 944 485 983 laxo.

293 1019 406 1058 Folia
436 1019 513 1058 hac
542 1018 742 1070 Rubigine
773 1028 877 1057 tacta
913 1032 1037 1071 saepe
1070 1019 1192 1058 solito
1220 1021 1345 1070 magis
1375 1018 1532 1057 evoluta

188 1092 329 1132 latiora
361 1103 605 1146 apparent„
644 1092 833 1130 pustulae
870 1094 998 1132 fulvae
1036 1094 1201 1132 maculis
1235 1093 1415 1141 flavidis,
1455 1107 1531 1146 per

188 1167 272 1206 folii
311 1167 575 1207 substantiam
614 1167 869 1219 penetrando
911 1168 1056 1206 oculos
1096 1167 1174 1219 jam
1203 1166 1382 1219 desuper
1409 1177 1530 1206 attra-

186 1242 402 1289 bentibus,
445 1255 610 1294 sparsae
637 1244 892 1293 gregariaeve
923 1243 1126 1281 insident:
1168 1256 1268 1294 quae
1299 1256 1321 1280 e
1349 1244 1528 1293 primor-

185 1317 262 1356 diis
291 1318 420 1369 planis
449 1317 544 1355 dein
584 1316 821 1355 ebullientes
857 1320 974 1367 apice
1003 1316 1164 1354 tandem
1193 1326 1316 1367 rupto
1344 1315 1529 1354 subtere-

185 1402 246 1431 tes
276 1401 520 1439 cernuntur,
570 1391 770 1442 pulverem
808 1400 892 1428 tum
933 1394 1149 1442 copiosum
1186 1391 1312 1428 laxum
1352 1399 1526 1429 saturate

181 1469 406 1504 aurantium
434 1475 684 1518 promentes.
741 1465 883 1516 Itaque
913 1467 1066 1516 speciei
1096 1465 1213 1516 hujus
1233 1464 1413 1515 exempla
1431 1477 1527 1515 per-

181 1540 354 1580 fectiora
381 1541 432 1580 ad
459 1539 631 1579 Aecidia
659 1539 859 1578 accedere
895 1541 936 1576 in
974 1542 1117 1590 aprico
1147 1548 1223 1577 est.
1282 1539 1526 1576 Parasitatur

179 1617 222 1653 in
250 1614 354 1652 Leda·
391 1614 583 1667 palustris
619 1613 810 1653 foliorum
847 1611 993 1665 pagina
1022 1612 1237 1660 infermre,
1278 1621 1523 1664 tempestate

178 1688 344 1727 humida
373 1688 471 1727 hinc
499 1688 591 1725 inde
620 1687 828 1740 frequens.
887 1688 1019 1734 Maio,
1050 1687 1187 1726 Junio.

282 1763 373 1802 552.
421 1763 475 1800 U.
517 1762 898 1814 Tussilaginis.

176 1827 353 1875 Abunde
382 1838 420 1875 F
421 1833 590 1893 arsat-ae
617 1836 724 1876 foliis
751 1835 902 1889 ubique
930 1838 1174 1875 innascitur:
1209 1844 1360 1875 aestate
1390 1844 1431 1874 et
1458 1837 1520 1873 in·-

175 1914 318 1963 primis
346 1921 555 1950 autumno.

278 1985 370 2025 555.
417 1986 472 2024 U.
512 1984 783 2038 populine.

548 2075 589 2108 α,
620 2059 813 2113 populina

538 2134 584 2183 β,
619 2132 793 2171 betulina

174 2208 357 2261 Utraque
397 2207 523 2247 dense
561 2218 771 2260 aggregata
799 2217 841 2246 et
868 2209 1018 2258 passim
1053 2203 1282 2244 confluens.
1339 2204 1438 2242 var.
1471 2217 1511 2252 cv,

171 2285 212 2320 in
242 2282 406 2335 Populis
444 2279 728 2339 (balsamifersi
764 2292 805 2319 et
842 2280 987 2331 nigra)
1027 2280 1124 2317 hinc
1161 2279 1255 2316 inde
1294 2277 1509 2330 epiphylla,

173 2356 368 2396 Sclerocio
398 2356 616 2408 populum,
648 2357 741 2394 dun]
773 2366 857 2393 tota
887 2355 1020 2393 clausa
1049 2363 1136 2400 est,
1168 2353 1307 2391 colore
1336 2361 1510 2404 excepto

171 2435 405 2483 neutiquam
435 2431 659 2477 dissimilis,
693 2433 966 2481 suspicionem
995 2427 1198 2466 interdum
1225 2426 1342 2465 nobis
1371 2428 1510 2473 movit,¹

170 2519 274 2544 anne
293 2504 480 2557 fungillus
500 2508 575 2543 iste
597 2505 805 2557 ambiguus
826 2504 908 2541 huc
930 2502 1070 2540 forsan
1088 2503 1299 2553 pertinens
1328 2499 1514 2538 Ure-dinis

170 2582 355 2632 speciem
381 2589 549 2620 nostrae
577 2582 825 2631 proximam,
864 2577 938 2617 sed
976 2586 1230 2630 praemature
1260 2584 1508 2627 corruptam,
