1928 3051
727 246 810 251 „„„„„
812 246 959 252 ..ῳ-,-
1437 235 1511 274 227

169 350 259 387 ωε,
292 340 584 393 subobliquus‚
614 339 786 392 pallidus
814 349 882 377 aut
910 339 1034 378 dilute
1055 339 1303 389 ochraceus,
1335 342 1512 393 squamis

169 415 400 466 majusculis
428 415 608 453 laevibus
636 425 747 453 arete
775 417 986 466 appressis
1022 407 1254 466 ferru⁴gineo
1273 437 1292 444 -
1309 415 1512 466 spadiceis

169 489 413 528 tessellatus.
472 488 681 526 Lamzellae
710 489 947 536 distinctae,
978 489 1198 527 admodum
1220 489 1319 528 latae
1339 490 1405 539 (in
1428 477 1513 527 ma-

168 563 325 615 joribus
374 567 621 602 semunciam
667 563 802 614 fere),
863 549 1154 611 decurrentes,
1204 564 1341 610 albae,
1393 577 1512 602 secus

168 640 391 689 marginem
420 637 951 690 papyraceo-pellucidum
982 651 1105 689 saepe
1125 638 1388 677 lutescentes.
1431 637 1513 676 Sti-
1565 690 1568 693 η

168 725 237 763 pes
266 712 442 758 solidus,
483 711 648 758 firmus,
688 711 827 750 brevis
868 712 954 761 (vix
981 715 1139 750 unciam
1168 712 1361 763 longus),
1404 725 1514 751 cras-

170 798 263 831 sus,
307 798 468 823 sursum
497 785 778 832 subsulcatus,
818 785 1015 837 pallIdus‚
1057 785 1246 824 obsolete
1274 781 1514 838 plerumque

170 857 713 909 ferrugineo-reticulatus‚
753 872 912 897 curvus.
969 858 1206 897 Substantia
1246 863 1372 898 totIus
1404 860 1515 912 fungi

172 944 368 977 carnosa,
401 943 638 983 compacta,
671 933 794 979 dura,
835 936 931 972 satis
961 943 1098 980 tenax,
1138 944 1183 970 ut
1211 933 1517 972 subcoriaceam

169 1006 282 1044 haucl‘
303 1009 443 1057 inepte
473 1006 633 1045 dixeris.
693 1007 960 1059 Caespitosus
991 1007 1134 1045 crebro
1155 1010 1377 1046 innascitur
1407 1017 1518 1045 trun-

172 1083 230 1118 cis
258 1080 458 1132 lignisque
498 1080 727 1120 labrefactis
767 1082 1022 1130 (asseribus,
1064 1082 1253 1133 sepibus,
1295 1082 1517 1134 ponticulis

171 1156 277 1202 etc.)
319 1165 555 1193 constanter
581 1156 733 1206 pineis,
775 1158 816 1192 in
845 1156 966 1208 sylvis
996 1166 1038 1193 et
1064 1156 1206 1195 hortis.
1263 1157 1299 1194 A
1327 1158 1447 1194 Junio
1476 1159 1516 1193 in

113 1217 123 1223 ‘V
171 1228 425 1280 Septembris
454 1229 578 1267 finem
607 1243 747 1281 usque.

276 1303 366 1355 667.
412 1304 462 1342 A.
502 1305 546 1342 Ρ.
591 1305 880 1344 torulosus.

173 1376 409 1415 Substantia
446 1378 587 1416 eadem
628 1378 712 1417 Fere
749 1393 797 1417 ac
835 1383 876 1417 in
911 1379 1201 1431 praecedente.
1269 1378 1371 1417 Pilei
1399 1379 1518 1418 color

171 1452 395 1499 variabilis,
438 1467 632 1505 perquam
674 1453 849 1492 difficilis
887 1454 1121 1506 descriptu⁷
1171 1468 1280 1493 nunc
1310 1468 1331 1492 e
1359 1454 1516 1492 rubello

173 1525 427 1573 fulvescens‚
467 1540 576 1566 nunc
616 1541 662 1565 ex
700 1528 882 1566 alutaceo
928 1539 995 1566 aut
1033 1529 1277 1568 subcervino
1316 1541 1519 1580 purpura-

174 1612 306 1639 scens.
374 1601 583 1638 Lamzellae
622 1601 965 1650 subconcolores,
1005 1603 1097 1654 plus
1128 1605 1261 1641 minus
1290 1603 1515 1648 dilutiores‚

175 1673 409 1721 confertae,
467 1675 555 1714 basi
602 1689 912 1726 nonnumquam
962 1679 1186 1728 crispatae‚
1237 1677 1516 1715 decurrentes.

177 1748 334 1801 Stipicis
376 1750 600 1799 (interdum
631 1750 923 1801 subcentralis)
954 1761 1180 1789 tomentum
1209 1753 1407 1803 griseum,
1448 1764 1521 1788 co-

174 1823 262 1860 lore
293 1836 414 1874 saepe
443 1825 690 1863 violasccnte
721 1828 832 1876 quasi
862 1825 1142 1876 superllatum.
1202 1826 1415 1876 Caespites
1443 1824 1521 1862 hu-

174 1897 236 1949 ]‘us
265 1898 360 1937 hinc
392 1899 486 1937 inde
524 1899 863 1948 (Heiwichswlm
904 1899 1121 1943 Βιιῖπεναιις
1158 1899 1359 1936 ver-lomes
1403 1899 1519 1937 Was-

176 1974 260 2023 scr)
300 1975 341 2010 in
377 1977 611 2012 nemorosis
650 1973 757 2012 obvii
796 1984 961 2013 truncos
1000 1984 1186 2013 vetustos
1227 1974 1520 2024 semiputridos

174 2050 416 2098 praesertim
445 2046 637 2086 betulinos
664 2049 871 2096 incolunt,
903 2062 1156 2101 praecoces,
1189 2051 1370 2100 vigentes
1398 2049 1519 2086 Junio

176 2131 217 2159 et
245 2135 361 2174 seqq.
392 2136 521 2174 usque
550 2126 591 2160 in
619 2134 868 2162 autumnum.

280 2196 367 2234 668.
412 2197 462 2234 A.
506 2198 550 2234 Ρ.
591 2197 855 2236 dentatus.

177 2272 379 2315 Smmnam
410 2285 500 2308 cum
536 2271 582 2309 O.
615 2272 820 2309 cochleam
856 2272 1092 2310 affinitatem
1129 2270 1314 2322 produnt
1343 2269 1517 2317 habitus,

178 2344 423 2390 substantia,
468 2345 571 2383 odor
608 2346 672 2395 (in
709 2346 794 2384 aliis
825 2346 987 2398 quidem
1016 2348 1078 2383 vix
1106 2345 1232 2390 ullus,
1265 2344 1338 2383 sed
1367 2347 1408 2381 in
1436 2344 1520 2382 aliis

178 2420 310 2456 suavis
338 2421 524 2469 aniseus)
554 2429 634 2457 etc.
694 2420 825 2457 Pilcus
846 2420 1039 2472 pallidus,
1070 2419 1262 2471 regularis
1280 2448 1288 2464 ‚
1320 2432 1398 2456 nec
1420 2431 1521 2456 con-

178 2502 330 2537 tortus,
370 2506 448 2530 nec
477 2493 652 2531 lobatus.
711 2494 985 2532 Lamellarum
1012 2507 1149 2545 margo
1176 2507 1287 2531 nunc
1315 2493 1516 2539 dentatus,

162 2551 286 2605 'nunc
314 2566 399 2605 fere
427 2570 593 2619 integer.
651 2568 782 2619 Stipes
805 2569 1043 2620 plerumque
1066 2568 1314 2619 marginalis,
1346 2578 1520 2606 saturate

175 2640 313 2688 rufus,
356 2642 482 2679 modo
514 2642 715 2689 sulcatus,
747 2643 873 2681 modo
903 2643 1185 2682 laeviusculus.
1244 2643 1292 2680 In
1321 2643 1522 2694 sylvarum

177 2717 452 2766 penetralibus
482 2719 623 2769 opacis
653 2727 821 2757 truncos
849 2731 1034 2756 ramosve
1064 2717 1261 2757 deciduos
1283 2717 1381 2756 colit
1403 2715 1520 2754 Abie-
