1928 3051
379 225 497 266 VIII

381 373 499 418 quas
539 356 625 417 qui
662 355 767 399 basi
806 353 1023 406 solidae,
1061 368 1152 396 nec
1178 354 1355 398 sabulo
1391 353 1516 409 levi,
1557 369 1718 415 super·

382 458 572 492 struere
610 446 664 488 in
699 443 924 486 animum
960 441 1244 496 induxerit,
1283 441 1325 485 is
1362 441 1558 503 ingenii
1594 443 1718 488 lusi-

381 535 474 580 bus
512 534 654 579 vanis
687 530 845 575 nullis
877 529 1186 591 indulgebit,
1226 529 1311 574 sed
1361 542 1602 590 perpetuo
1640 547 1723 591 po-

382 625 480 668 tius
517 619 837 679 microscopii
874 619 1052 663 diurna
1075 620 1423 679 nocturnaque
1450 636 1605 665 manu
1631 632 1723 666 tra-

382 712 498 758 ctati
535 727 655 766 usu,
696 708 1090 770 diligentissimo
1125 725 1179 753 ac
1215 709 1488 754 sexcenties
1511 710 1721 769 repetito

379 802 536 851 ,totius
566 799 842 861 fungorum
867 797 1105 843 historiae
1134 799 1523 858 praesertimque
1547 797 1724 843 fructe-

382 890 599 936 scentiae
634 888 888 943 examine,
929 887 1099 932 sedula
1135 899 1396 933 auctorum
1418 888 1725 948 perlectione

383 993 887 1038 synonymo-rumque
946 977 1245 1032 collatione,
1303 988 1352 1021 et
1400 993 1514 1037 prae
1549 976 1723 1022 ceteris

383 1068 625 1114 omnibus
652 1079 852 1111 naturae
877 1069 1015 1127 ipsius
1038 1070 1203 1121 vivae,
1242 1065 1294 1110 in
1322 1066 1596 1124 sylvarum,
1636 1067 1726 1111 sal-

382 1170 556 1213 tuum,
596 1157 841 1217 paludum
866 1155 1207 1215 penetralibus
1231 1155 1477 1217 vigentis,
1515 1154 1727 1200 observa-

382 1251 504 1293 cione
528 1247 587 1291 de
616 1246 695 1290 die
716 1245 772 1290 in
799 1246 931 1291 diem
962 1246 1136 1290 iterata
1166 1261 1352 1306 perque
1386 1260 1637 1289 annorum
1659 1259 1729 1289 se-

382 1337 479 1382 ries
506 1335 746 1397 producta
770 1360 835 1369 —
860 1350 986 1395 opus
1021 1334 1277 1380 absolvere
1305 1333 1537 1378 studebit.
1579 1331 1728 1394 Quod

385 1427 473 1487 qui
507 1441 652 1471 curae
686 1424 979 1480 habuerint,
1036 1440 1063 1469 a
1096 1422 1398 1469 monstrosis
1445 1433 1575 1467 certe
1615 1420 1727 1466 istis

382 1513 750 1576 hypothesibus
789 1513 885 1558 sibi
916 1512 1192 1568 cavebunt,
1241 1513 1413 1573 quales
1448 1510 1729 1571 nuperrimi

383 1603 675 1648 mirabundi
713 1619 854 1658 sane,
913 1601 1174 1661 oculisque
1217 1601 1404 1646 nostris
1443 1599 1601 1645 fidem
1638 1599 1726 1644 diu

384 1693 714 1755 denegantes,
761 1691 816 1736 in
851 1691 1017 1735 lucem
1050 1691 1269 1751 prolatas
1303 1689 1549 1751 legimus:
1598 1704 1642 1733 v.
1678 1704 1724 1750 g.

385 1783 538 1827 unius
574 1780 896 1841 ejusdemque
918 1779 1176 1840 Zoophyti
1197 1795 1356 1824 meras
1380 1778 1642 1823 varietates
1667 1793 1729 1822 ex

387 1883 605 1917 aetatum
629 1870 911 1915 mutatione
936 1870 1178 1915 morbove
1215 1880 1346 1914 ortas
1380 1868 1551 1913 sistere
1576 1871 1727 1930 Lyco-

383 1962 584 2023 perdon‚
632 1962 874 2014 Pezizczm,
933 1960 1175 2013 Boletum,
1238 1959 1478 2021 IJydnum
1523 1958 1728 2019 (Voigcs

384 2054 589 2113 Magaz.
626 2046 675 2111 f.
729 2050 771 2092 d.
830 2048 1171 2103 Naturkuncle,
1228 2048 1320 2092 vol.
1370 2050 1459 2091 VI.
1506 2042 1634 2108 fasc.
1683 2050 1726 2090 6.

383 2156 500 2202 pag.
541 2153 634 2195 503
672 2137 826 2199 sqq.)!
863 2148 946 2181 aut
982 2137 1135 2181 Phalli
1171 2137 1394 2197 impudici
1436 2133 1730 2196 progeniem

386 2245 491 2274 esse
530 2227 815 2272 Tubulinam
837 2222 1216 2290 fragiformem,
1253 2241 1379 2286 quae
1415 2224 1610 2269 exoleta
1646 2222 1729 2268 de·

385 2334 527 2363 mum
564 2317 620 2362 in
653 2317 899 2361 Liclzenem
924 2315 1192 2376 paschalem
1217 2314 1355 2360 abeat
1377 2315 1423 2371 (l.
1452 2329 1488 2357 c.
1513 2330 1558 2373 p.
1585 2307 1728 2368 506)!

389 2419 475 2452 aut
500 2407 841 2468 glomerulum
864 2405 1013 2449 illum
1037 2404 1257 2464 pulveris
1290 2404 1346 2448 in
1373 2401 1729 2447 Trichoclerma-

388 2507 431 2540 te
464 2513 590 2540 roseo
628 2495 734 2540 filis
769 2495 941 2550 mixti,
981 2511 1004 2539 a
1039 2494 1099 2538 cl.
1138 2489 1445 2555 Hoffttzanno
1467 2486 1590 2552 flor.
1623 2504 1729 2551 ger·

387 2602 512 2629 man.
540 2595 760 2647 cryptog.
786 2583 879 2628 cab.
910 2586 978 2637 X,
1019 2600 1037 2626 1
1081 2582 1141 2627 ad
1175 2581 1435 2627 modicum
1471 2578 1623 2625 lentis
1651 2592 1732 2622 au·

390 2685 653 2736 „gmentum
691 2672 901 2718 seorsim
934 2672 1151 2732 pictum,
1190 2687 1281 2731 pro
1307 2669 1573 2729 Zoophyto
1608 2667 1730 2714 ite-m
