1928 3051
721 213 958 222 ...........-
1434 191 1510 243 293

166 312 207 348 in
235 310 462 363 junioribus
492 320 677 357 erectus,
709 309 804 348 dein
832 309 1013 348 clavatae
1032 322 1198 362 prorsus
1218 310 1376 350 adultae
1404 325 1510 363 pon-

164 384 262 422 dere
292 387 420 424 victus
447 385 643 423 arcuatim
670 384 733 422 vel
760 383 942 424 flexuose
970 384 1218 424 decumbere
1248 387 1366 425 solet.
1406 387 1509 425 Vul-

163 460 268 510 garis
306 458 458 510 ubique
494 459 598 498 locis
636 458 726 498 udis
761 458 964 498 umbrosis
992 457 1201 499 frondosis
1230 460 1281 498 ad
1308 459 1404 499 folIa
1431 475 1509 513 pu-

164 532 408 580 trescentia,
440 535 624 584 stipites,
656 533 829 572 ramulos
858 543 936 572 etc.
957 555 1011 563 —
1031 534 1282 586 Septembri,
1316 535 1506 574 Octobri.

267 606 356 658 878.
402 607 450 646 C.
491 607 838 659 erythropus.

532 696 572 726 oc,
606 682 819 719 communis

162 755 331 806 Species
360 755 641 807 praepulchra.
704 754 833 792 Tuber
860 768 981 807 saepe
1010 759 1341 806 semiemersum,
1373 759 1507 812 utplu-

161 830 310 866 rimum
336 828 581 881 oblongum,
614 841 779 880 semper
805 841 958 880 rugoso
975 852 994 859 -
1011 831 1220 869 sulcatum.
1277 832 1408 884 Stipes
1429 835 1509 872 lae-

161 905 247 950 vis,
293 901 454 940 firmior
497 916 615 955 quam
660 905 702 939 in
736 903 1038 954 praecedente,
1090 915 1252 943 erectus
1299 909 1505 958 persistit:

162 975 249 1029 ejus
279 976 390 1014 color
418 977 525 1015 haud
552 990 645 1014 raro
674 977 874 1016 violascit.
931 978 1117 1030 Vulgaris
1147 979 1313 1018 obvenit
1340 990 1381 1018 et
1406 981 1506 1019 haec

160 1051 312 1103 ubique
340 1051 444 1090 locis
473 1065 566 1090 cum
599 1051 642 1089 C.
672 1063 851 1104 gyrante
879 1052 1189 1102 consimilibus,
1228 1066 1357 1105 paene
1386 1058 1506 1094 etiam

160 1124 414 1178 frequentior
441 1126 528 1165 illei:
561 1135 742 1165 ceterum
771 1139 932 1166 coaeva.

264 1199 356 1252 879.
403 1200 452 1239 C.
492 1199 874 1253 phacorrhiza.

523 1273 603 1324 ββ,
634 1275 842 1328 epiphylla

157 1348 382 1400 Discrepat
409 1361 493 1387 var.
525 1359 663 1388 nostra
691 1352 830 1402 stipite
858 1352 1081 1402 praecipue
1119 1359 1284 1399 erecto,
1326 1351 1505 1405 locoque

157 1425 294 1461 nativo
323 1423 515 1475 sylvatico
547 1424 780 1477 epiphyllo:
819 1424 931 1462 notis
967 1423 1133 1476 reIIquis
1167 1425 1219 1463 ad
1248 1440 1288 1473 α,
1319 1430 1505 1478 proxime

156 1498 332 1537 accedit.
392 1498 562 1537 Statura
585 1499 711 1536 totius
736 1497 846 1549 fungi
876 1497 1059 1548 εἶς-δὲ
1087 1501 1322 1538 unciarum:
1353 1501 1505 1540 clavula

157 1575 297 1624 stipite
326 1572 427 1610 ultra
457 1572 625 1624 duplum
653 1573 834 1624 longior,
865 1572 1152 1624 aliquantulum
1182 1577 1368 1614 crassior.
1429 1575 1503 1613 Tu-

159 1644 227 1684 ber
254 1650 509 1684 immaturum
539 1645 650 1684 laeve
680 1656 764 1693 est,
807 1660 853 1684 ex
882 1646 970 1685 albo
1006 1647 1186 1698 pallens:
1225 1658 1504 1689 maturascens

157 1720 354 1760 fuseeseit
381 1730 422 1760 et
449 1720 685 1773 rugulosum
716 1733 836 1773 saepe
865 1721 1011 1760 evadit.
1068 1722 1324 1761 Exsiccatum
1346 1727 1504 1776 nigrum

156 1795 203 1833 fit
237 1797 473 1848 minuteque
510 1798 564 1833 ita
604 1805 865 1847 corrugatur,
906 1806 950 1833 ut
992 1797 1241 1849 granulatum
1281 1809 1500 1850 appareat3

156 1870 258 1923 aqu&
286 1869 487 1909 refectum
517 1870 702 1908 colorem
730 1869 891 1908 Fuscum
920 1870 1264 1923 superficiemque
1293 1875 1503 1924 pristinam

155 1955 387 1996 recuperat.
447 1945 639 1983 Ceterum
675 1943 889 1997 globosum
918 1945 982 1982 vel
1009 1946 1268 1994 lenticulare,
1309 1949 1417 1985 Intus
1445 1947 1502 1985 al-

157 2012 278 2066 buin,
309 2029 452 2057 centro
484 2019 816 2067 subexcavatum,
855 2019 1097 2058 Solet-otium
1125 2035 1298 2072 prorsus
1326 2022 1502 2061 aemuia-

155 2104 235 2132 tur.
302 2093 436 2146 Stipes
472 2093 589 2131 initio
626 2094 798 2145 pallidus
827 2095 890 2133 vel
920 2093 1235 2141 subrufescens‚
1277 2095 1372 2134 dein
1409 2109 1502 2135 sor-

157 2168 252 2206 dide
280 2167 442 2216 fuscus,
473 2178 636 2215 rectus,
669 2171 953 2217 tenuissimus,
986 2180 1117 2209 teres:
1151 2169 1268 2207 clava
1296 2171 1497 2215 distincta,

155 2242 267 2290 alba,
310 2245 406 2281 it-em
442 2253 577 2289 recta,
618 2241 825 2289 fistulosa,
877 2244 1082 2296 elongata,
1136 2244 1328 2283 deorsum
1370 2245 1499 2296 cylin-

157 2317 293 2364 drica,
334 2330 492 2356 sursum
531 2317 727 2356 subulata.
785 2318 989 2356 Nonnulla
1026 2328 1161 2358 tamen
1189 2319 1367 2371 exempla
1395 2318 1502 2358 foliis

155 2391 412 2430 madentibus
451 2391 627 2442 putridis
664 2390 844 2430 flexuoso
884 2391 1010 2430 ductu
1048 2395 1340 2444 interrepentia
1370 2395 1500 2445 iisque

155 2466 348 2518 impedita
385 2479 463 2504 nec
500 2475 738 2518 assurgunt,
779 2480 858 2505 nec
899 2467 1046 2506 clavam
1094 2468 1326 2506 distinctam
1362 2468 1502 2519 acqui-

156 2551 264 2579 runt.
322 2541 435 2579 Inter
463 2539 558 2578 folia
593 2540 754 2592 putrida
782 2540 881 2579 locis
911 2542 1229 2581 umbrosissimis
1258 2541 1348 2581 udis
1378 2543 1499 2592 (Mo-

158 2615 288 2653 holzer
325 2614 458 2653 Haide
485 2615 663 2667 passim)
692 2617 855 2654 minime
883 2629 995 2663 rara,
1028 2619 1162 2656 minus
1191 2626 1325 2655 tamen
1356 2616 1499 2656 crebra

156 2689 514 2741 praecedentibus.
571 2691 683 2744 Sept.
715 2700 756 2730 et
782 2691 967 2744 apprime
997 2692 1090 2731 Oct.
