1928 3051
358 226 382 269 4

363 338 526 376 Stroma
567 351 589 377 e
631 341 795 376 cinereo
844 340 1025 387 nigrum:
1063 335 1367 388 sphaerularum
1406 339 1520 376 color
1554 349 1703 378 satura-

364 415 465 449 tior.
509 413 555 449 ln
596 415 748 449 truncis
784 413 985 460 ramisque
1024 413 1140 448 variis
1178 413 1299 449 siccis
1336 409 1552 462 frequens,
1592 412 1704 464 apud

362 499 439 525 nos
468 486 707 537 plerumque
729 486 920 536 gregaria.
981 484 1198 531 Perennis;
1228 487 1366 536 vigens
1393 494 1602 524 autumno.

471 572 528 597 10.
570 560 609 595 S.
653 556 997 609 fragiformis.

360 633 426 671 Ad
457 635 633 670 cortices
657 631 836 678 Betulae,
869 632 962 683 Fagi
996 640 1075 670 etc.
1108 631 1206 670 hinc
1234 631 1329 670 inde
1357 631 1565 684 Frequens.
1621 633 1705 671 Au-

360 716 508 744 tUllan.

470 793 529 817 11.
574 780 614 817 S.
652 779 952 831 argillacea.

362 853 490 891 Color
533 853 659 891 modo
701 856 907 901 chxereus,
953 853 1080 891 modo
1120 853 1376 905 argillaceus3
1423 853 1499 893 sed
1537 853 1703 893 sordIde

360 927 661 979 rubiginosum,
719 941 840 979 quem
884 930 981 966 icon
1030 928 1304 964 Persooniana
1367 928 1526 977 (Icones
1569 929 1704 979 pictae

361 1001 465 1039 Tab.
494 1001 569 1039 III.
601 1000 629 1039 f.
662 1015 693 1039 1.
718 1014 755 1040 2.
782 1001 846 1052 3.)
876 1004 918 1038 in
946 1011 1090 1040 nostro
1121 1011 1232 1040 certe
1262 1001 1478 1053 exemplari
1506 1002 1700 1049 ostendit,

361 1089 580 1127 numquam
609 1078 650 1112 in
677 1075 753 1113 hac
789 1078 930 1126 specie
966 1075 1290 1114 observavimus:
1335 1075 1386 1114 de
1425 1089 1506 1128 quo
1542 1089 1634 1114 cum
1663 1078 1705 1113 in

360 1148 704 1200 descriptionibus
732 1151 885 1187 autoris
913 1153 1067 1187 mentio
1095 1153 1281 1201 nuspiam
1308 1148 1392 1196 fiat,
1421 1163 1536 1188 mero
1566 1149 1705 1187 Forsan

360 1226 533 1275 pictoris
562 1225 689 1261 errori
726 1223 962 1261 tribuendus
1001 1226 1091 1262 erit.
1129 1246 1183 1254 -
1221 1224 1339 1261 Adeo
1380 1233 1587 1269 ceterum,
1630 1236 1703 1261 co-

360 1297 449 1336 lore
489 1306 687 1348 excepto,
740 1297 878 1335 similis
918 1307 980 1335 est
1017 1298 1118 1335 haec
1158 1298 1350 1348 Sphaeria
1385 1296 1425 1335 S.
1467 1293 1701 1353 rubiformi,

361 1375 403 1410 in
443 1374 556 1410 cuius
591 1373 710 1409 etiam
747 1374 960 1409 consortio
995 1371 1104 1409 haud
1140 1384 1232 1409 raro
1271 1374 1445 1418 crescit,
1475 1381 1542 1418 ut,
1572 1384 1707 1410 annon

363 1448 502 1498 potius
546 1445 596 1483 ad
638 1454 811 1482 aetatem
850 1445 952 1484 illius
991 1444 1191 1497 juniorem
1235 1448 1456 1497 pertineat,
1525 1445 1703 1484 nondum

363 1522 457 1558 satis
497 1519 618 1557 nobis
655 1528 830 1557 constet,
886 1521 1078 1558 Truncos
1106 1522 1291 1571 apprime
1322 1517 1513 1557 betulinos
1540 1529 1704 1559 nostros

363 1596 515 1645 passim
543 1593 699 1631 incolit.
758 1593 990 1640 Autumno,
1022 1593 1170 1633 hieme.

473 1679 533 1705 12.
573 1668 613 1704 S.
655 1666 979 1718 rubiginosa.

365 1739 613 1792 sphaerulae
649 1741 848 1779 centrales
886 1741 1033 1787 latent,
1070 1740 1254 1780 laterales
1283 1740 1512 1780 distInctius
1548 1743 1705 1792 promi-

363 1825 475 1854 nent.
531 1816 671 1852 Nutrit
706 1814 808 1853 haec
839 1818 1001 1867 species
1031 1814 1182 1854 effoeta
1218 1815 1363 1867 byssos
1396 1817 1548 1853 varias:
1585 1829 1705 1866 prae·

364 1899 426 1927 ter
455 1890 685 1927 Dematium
713 1890 906 1926 virescens
934 1889 1051 1927 alium
1089 1893 1329 1941 praesertim
1364 1889 1547 1941 ejusdem
1585 1902 1707 1941 gene-

362 1966 417 2002 ris
446 1963 649 2015 l'ungillum
680 1977 857 2010 novum,
898 1965 971 2002 sed
1000 1963 1198 2002 hactenus
1228 1963 1419 2009 dubium,
1451 1965 1491 2000 in
1517 1976 1564 2001 ea
1591 1976 1707 2014 para—

366 2041 552 2076 sitantem
591 2038 804 2089 aliquoties
847 2036 1111 2084 offendimus,
1151 2037 1251 2075 infra
1287 2037 1384 2076 loco
1422 2050 1496 2075 suo
1535 2037 1705 2087 amplius

364 2111 679 2151 recensendum.
720 2111 769 2149 In
784 2111 900 2162 lignis
926 2114 1046 2150 siccis
1065 2111 1175 2150 duris
1199 2114 1416 2164 quercinis,
1440 2110 1620 2164 fagineis,
1639 2110 1705 2148 ali—

365 2190 480 2238 isque
501 2186 686 2237 vulgarss,
710 2188 915 2236 perennis.

475 2258 533 2297 13.
571 2260 611 2298 S.
653 2259 961 2298 cohaerens.

365 2333 610 2386 Sphaerulae
638 2333 889 2386 papillatae,
921 2333 1083 2371 demum
1112 2333 1204 2384 plus
1232 2336 1365 2372 minus
1394 2333 1578 2380 bullatae,
1608 2346 1707 2371 non—

366 2408 493 2445 nullae
522 2407 573 2445 ad
601 2408 789 2446 volumen
829 2407 973 2458 triplex
1010 2406 1095 2446 fere
1130 2406 1305 2447 inflatae.
1362 2408 1410 2446 In
1438 2408 1546 2459 ligno
1575 2407 1703 2454 alueo,

366 2483 493 2518 rarior
522 2481 646 2530 (hehe
676 2481 846 2533 Linde).
904 2482 1034 2520 Maio.

477 2560 534 2603 ¹4.
576 2556 616 2593 S.
657 2554 820 2594 l'usca.

732 2643 772 2675 α,
806 2628 1126 2681 circumscripta,
1158 2628 1409 2667 subrotundn

735 2700 777 2747 Β,
810 2699 935 2756 effitso
954 2722 969 2730 -
989 2702 1213 2753 applausum
