1928 3051
401 210 472 249 150

398 327 489 379 plus
517 330 648 365 minus
678 326 936 364 umbonatus.
995 323 1126 375 Stipes
1154 323 1443 372 laeviusculus‚
1472 326 1636 364 nonnisi
1654 324 1734 374 ‚ba-

398 405 460 440 sin
487 414 627 439 versus
668 399 870 437 interdum
901 398 1119 450 squamulis
1148 398 1470 438 distinctioribus
1499 399 1733 451 adspersus.

396 475 681 525 Vulgatissima
709 475 870 524 species
900 482 1065 510 truncos
1096 475 1228 512 varios
1257 483 1371 511 vexat
1392 484 1584 512 autumno
1609 475 1737 524 inpri-

396 551 472 586 mis
514 548 712 585 tardiore:
762 546 851 597 ips&
892 545 1135 598 quandoque
1171 547 1317 599 hyeme
1353 547 1486 587 media
1515 561 1609 586 cum
1636 556 1738 585 tem-

397 631 553 674 pestate
583 621 663 658 leni
692 620 827 659 subito
858 619 995 658 redux.

500 701 592 745 422.
637 696 689 734 A.
730 696 777 733 L.
819 694 1156 734 caudicinus.

765 784 805 815 a,
835 782 1062 823 squamosus

762 841 807 892 β,
843 841 1063 879 denudatus

764 931 804 969 γ,
836 916 984 954 medius

400 990 544 1029 Rarius
583 994 800 1030 terrestris.
866 990 1101 1028 Admodum
1144 989 1246 1028 ludit
1283 991 1424 1029 colore
1472 990 1661 1029 dilutiore
1699 999 1741 1027 et

400 1064 697 1117 prosuncliore3
730 1069 781 1102 ita
810 1075 850 1103 et
878 1068 1054 1118 squamis
1075 1068 1222 1116 stipitis
1246 1065 1544 1111 crebrioribus,
1576 1066 1740 1117 parcio-

400 1139 538 1186 ribus,
579 1152 628 1177 ac
666 1142 726 1176 vix
764 1139 863 1177 ullis.
938 1140 1046 1176 Nulli
1085 1139 1178 1177 inde
1216 1143 1319 1177 inter
1359 1154 1400 1185 α,
1441 1149 1482 1176 et
1507 1137 1555 1186 β,
1594 1138 1741 1176 limites

402 1216 502 1252 certi
532 1216 617 1251 erui
645 1222 833 1263 possunt.
890 1213 989 1250 var.
1020 1226 1061 1264 γ,
1092 1216 1270 1265 gregaria
1298 1213 1360 1250 vel
1389 1212 1590 1257 solitaria,
1629 1210 1739 1262 pileo

402 1297 536 1325 tamen
577 1290 695 1324 etiam
731 1286 839 1323 haud
875 1299 967 1323 raro
997 1300 1178 1324 convexo
1197 1308 1216 1315 -
1234 1286 1564 1338 hemispliaerico
1594 1288 1743 1324 instru-

402 1371 467 1399 cta
496 1371 579 1408 est,
619 1360 890 1412 annulumque
927 1363 1030 1411 gerit
1063 1361 1336 1400 manifestum.
1396 1362 1552 1399 Omnes
1581 1359 1607 1398 3
1635 1372 1738 1398 varr.

399 1434 493 1474 loco
523 1448 597 1473 suo
626 1434 861 1486 frequentes
891 1444 984 1472 sunt
1011 1445 1221 1474 autumno.

503 1508 594 1559 423.
641 1509 689 1546 A.
726 1510 772 1548 L.
815 1509 1067 1561 bulbiger
1103 1523 1274 1548 NOBIS.

400 1583 451 1620 A.
483 1583 532 1620 L.
561 1582 663 1635 pileo
692 1583 938 1635 planiusculo
969 1597 1135 1620 carnoso
1160 1582 1304 1635 glabro
1325 1600 1369 1620 ru
1395 1598 1431 1630 o,
1461 1582 1627 1621 lamellis
1650 1597 1740 1625 conr

394 1653 517 1713 fertis
546 1659 797 1707 emarginato
816 1679 831 1685 -
850 1657 1015 1694 adnexis
1054 1672 1198 1712 aquoso
1226 1657 1390 1704 albidis,
1434 1659 1569 1710 stipite
1598 1671 1741 1694 conco·
1767 1687 1772 1691 .

403 1731 486 1768 lore
515 1729 684 1768 obsoleta»
712 1731 902 1768 (ιιιηιιίαῑο
932 1728 1023 1786 rufo
1042 1731 1268 1787 -fibrilloso
1300 1730 1481 1777 bulboso,
1521 1730 1634 1769 bulbo
1663 1746 1740 1769 me·

404 1804 532 1842 diocri
562 1805 744 1857 deprcsso
774 1808 1018 1856 marginum.

509 1877 623 1916 Bulbi
660 1879 791 1917 fornia
827 1890 1020 1918 constans
1064 1889 1127 1919 est
1165 1889 1206 1917 et
1241 1881 1451 1932 singularis
1486 1879 1742 1931 ·—·.subglo-

403 1953 527 2001 bosa,
570 1966 691 2004 supra
721 1957 828 1992 circa
857 1956 1035 2005 stipitem
1065 1954 1264 2005 depresso
1283 1977 1301 1982 -
1320 1967 1522 2000 concava,
1563 1957 1742 2005 margine

403 2028 549 2067 obtuso
585 2028 763 2065 annulari
803 2031 1002 2079 cingente.
1073 2027 1205 2079 Stipes
1242 2038 1403 2066 erectus
1434 2039 1541 2066 teres
1570 2027 1739 2073 solidus,

403 2105 497 2140 satis
526 2101 688 2147 firmus,
731 2115 752 2138 2
782 2115 873 2139 unc.
903 2102 1071 2153 longus,
1110 2099 1179 2155 ΞΜ
1217 2102 1340 2140 lineas
1374 2115 1557 2147 crassus,
1599 2099 1741 2137 annulo

401 2176 494 2213 albo
533 2175 811 2226 depauperato
847 2185 963 2213 recto
1001 2189 1143 2214 versus
1182 2179 1342 2227 apicem
1380 2179 1550 2214 cinctus.
1608 2175 1742 2212 Pulvis

403 2250 604 2288 seminalis
632 2249 759 2288 albus.
820 2249 950 2287 Pilcus
978 2251 1169 2302 regularis
1186 2280 1196 2297 ,
1234 2264 1414 2289 convexo
1431 2273 1449 2280 -
1467 2250 1635 2302 planus,
1677 2252 1744 2296 tri-

403 2322 569 2362 uneialis
605 2323 715 2370 fere,
765 2337 788 2362 e
817 2327 1099 2362 cinnamomeo
1133 2324 1271 2371 rusus,
1312 2324 1451 2364 frustis
1480 2324 1744 2376 epidermidis

403 2397 514 2435 albae
554 2407 654 2449 post
689 2396 802 2449 fungi
838 2398 1148 2449 explicationem
1186 2399 1359 2437 residuis
1397 2399 1540 2437 laceris
1569 2401 1743 2449 sparsis·-

405 2484 482 2520 que
512 2485 635 2523 saepe
675 2475 939 2523 conspicuus.
1004 2473 1070 2509 Ad
1100 2473 1263 2511 dumeta
1293 2473 1490 2512 frondosa
1517 2476 1624 2511 inter
1649 2472 1744 2510 folia

405 2558 654 2597 muscosque
682 2549 832 2597 passim
863 2546 1038 2585 solitaria
1077 2550 1269 2598 provenit
1298 2549 1459 2598 species
1487 2547 1549 2584 vel
1578 2547 1744 2599 subgre-

404 2621 511 2670 garia
550 2619 766 2671 (Sproizer
806 2620 962 2672 His'gel:
1008 2620 1218 2659 Moholzer
1256 2620 1390 2659 Haide
1424 2621 1577 2673 aliquot
1616 2621 1742 2671 locis)

406 2693 649 2744 Septembri.
