1928 3051
418 201 491 247 204
962 223 1196 229 -..-.-...-

418 317 637 352 tcrmixtmn
656 343 666 361 ,
706 317 872 352 nomine
905 313 1185 364 Champignon
1221 315 1447 365 insignitam
1474 327 1618 353 venum
1648 315 1751 356 ferre

415 389 549 427 solent
572 387 795 425 ruricolae:
827 389 998 438 sparsim
1014 415 1023 433 ,
1055 386 1129 424 scd
1151 386 1258 424 haud
1283 385 1584 439 infrequenter,
1615 392 1656 426 in
1679 392 1754 427 eri-

415 465 540 508 cetis,
589 474 709 500 secus
746 463 944 512 margines
992 460 1189 512 sylvarum
1237 463 1358 513 inque
1406 462 1526 514 sylvis
1573 465 1753 503 acerosis

413 538 512 587 ipsis
543 545 813 573 crescentem.
872 534 954 572 Sub
981 533 1105 574 finem
1136 538 1299 575 aestatis
1327 545 1368 574 et
1395 535 1490 574 inde
1518 549 1595 588 per
1623 546 1752 575 totum

411 619 661 647 aulumnuln.

516 683 605 734 592.
652 682 704 721 A.
746 683 792 721 P.
833 684 1169 734 campestris.

777 771 819 803 a,
851 757 1083 807 campestris

775 828 821 879 β,
851 832 1073 882 vaporaria

411 903 541 954 Stipes
570 906 611 941 in
640 918 681 950 α,
716 905 980 956 utplurimum
1019 904 1179 943 brevis:
1222 913 1399 942 attamen
1435 913 1476 942 et
1514 904 1564 942 ad
1594 918 1613 942 2
1632 912 1746 955 —23

408 990 504 1016 unc.
536 978 783 1030 productum
815 981 1054 1017 invenimus.
1115 979 1307 1016 Occurrit
1334 978 1434 1016 haec
1463 978 1583 1017 nobis
1605 981 1644 1015 in
1666 992 1753 1016 mn-

410 1050 544 1091 brosis
581 1065 708 1104 aeque
736 1066 784 1091 ac
812 1055 961 1104 apricis
1001 1055 1153 1103 passim
1192 1062 1401 1089 autumno.
1467 1052 1564 1089 Var.
1591 1051 1637 1100 β,
1669 1062 1751 1091 sta-

409 1126 522 1173 turs,
563 1125 693 1164 forms
724 1136 765 1163 et
793 1127 935 1164 colore
977 1126 1235 1163 cliocolatino
1267 1125 1479 1171 distincta,
1521 1129 1638 1163 etiam
1666 1140 1752 1164 ma—

407 1202 468 1251 gis
505 1212 742 1251 squamosa,
792 1203 834 1236 in
872 1202 1028 1238 cortice
1067 1201 1279 1250 vaporatio
1319 1198 1446 1247 (Scer
1481 1198 1749 1249 Lohgruben;

409 1273 634 1309 Hermanns
664 1270 930 1329 Lohhaufcn)
970 1283 1197 1324 spontanea
1235 1275 1448 1324 provenit,
1487 1276 1581 1311 ae're
1613 1273 1750 1325 pluvio

408 1349 503 1386 satis
531 1345 737 1399 frequens.
792 1349 896 1399 Aug.
927 1349 1041 1398 Sept.

510 1419 601 1472 593.
647 1422 698 1460 A.
736 1422 783 1460 P.
825 1421 1093 1460 echinata.

772 1494 851 1544 ββ,
885 1496 1043 1533 inermis

406 1569 589 1620 Fungum
617 1569 847 1621 ambiguum
875 1569 924 1607 ad
948 1570 1184 1607 Amanitam
1211 1569 1418 1620 virgatam
1447 1568 1585 1608 forsan
1612 1571 1748 1608 traxis-

406 1656 567 1689 semus,
609 1645 643 1681 si
671 1644 808 1682 volvae
845 1647 1057 1695 vestigium
1096 1642 1158 1681 vel
1195 1647 1403 1681 minimum
1443 1644 1628 1682 adesset:
1671 1644 1748 1695 qua

408 1715 650 1763 deficiente,
699 1717 768 1755 hic
808 1720 946 1769 utique
984 1719 1126 1765 locus,
1172 1721 1213 1754 ni
1259 1706 1469 1769 propriam
1508 1718 1746 1768 praetuleris

407 1793 612 1841 speciem,
661 1794 755 1829 satis
797 1791 1018 1830 commode
1057 1795 1093 1830 ei
1131 1794 1323 1844 assignari
1358 1805 1485 1843 posse
1519 1795 1627 1831 visus
1656 1791 1744 1830 fuit.

409 1864 538 1902 Pileus
571 1878 585 1903 1
606 1886 656 1894 —
679 1870 724 1915 1}
760 1878 856 1903 unc.
899 1865 1024 1912 latus,
1064 1870 1221 1913 tenuis,
1275 1866 1575 1912 subcarnosus‚
1616 1866 1746 1904 hemi·

407 1936 668 1990 sphaericus,
700 1940 822 1978 veluti
850 1940 1154 1991 pulverulentus
1173 1968 1183 1986 ‚
1215 1943 1390 1992 squamis
1416 1939 1614 1992 adpressis
1641 1942 1747 1978 iner-

406 2012 538 2051 mibus
575 2027 597 2051 e
635 2016 799 2051 cinereo
839 2014 902 2052 vel
939 2014 1129 2066 fuligineo
1173 2014 1297 2053 fuscis
1337 2014 1555 2065 aequaliter
1594 2023 1742 2059 tectus,

404 2086 637 2124 membran&
675 2088 898 2126 concolore
937 2088 1068 2126 lacera
1108 2091 1261 2126 circum
1297 2090 1516 2138 marginem
1544 2086 1746 2138 appendi-

406 2160 574 2199 culatus.
642 2161 847 2198 Lamellae
885 2161 1118 2208 confertae,
1170 2175 1311 2200 versus
1346 2164 1526 2212 stipitem
1563 2161 1743 2208 latiores,

405 2234 478 2272 sed
507 2238 797 2287 emarginatae‚
837 2238 898 2273 vix
926 2235 1123 2273 adnexae:
1164 2235 1336 2286 pulchre
1365 2234 1742 2272 miniato-rubrae.

407 2307 536 2360 Stipes
578 2319 708 2357 teres,
748 2319 909 2357 rectus,
949 2309 1263 2356 subbiuncialis,
1304 2323 1327 2347 2
1356 2309 1425 2347 lin.
1467 2321 1649 2355 crassus,
1687 2308 1744 2346 la-

405 2382 531 2421 mellis
562 2393 673 2422 totus
703 2394 841 2423 exacte
871 2384 1072 2422 concolor
1100 2384 1201 2433 (nec
1229 2384 1510 2435 purpureus),
1543 2383 1616 2420 sed
1643 2380 1745 2420 infra

407 2456 592 2495 ‹innulum
624 2458 910 2507 (obsoletum,
950 2459 1162 2510 Fugacem)
1199 2458 1285 2495 lan&
1313 2457 1496 2495 floccos&
1524 2456 1634 2493 molli
1661 2456 1744 2493 laxa

407 2531 662 2571 subdetersili
690 2533 799 2584 pileo
831 2533 1055 2571 concolore
1080 2531 1310 2570 obvolutus.
1367 2532 1462 2568 Non
1489 2529 1740 2582 infrequens,

403 2609 632 2657 gregarius,
665 2609 942 2658 caespitosus,
974 2608 1116 2645 cortici
1145 2608 1318 2644 coriario
1349 2604 1463 2653 (seer
1483 2602 1742 2654 Lolzgruben)

405 2682 620 2718 innascitur
648 2681 793 2733 fungus
821 2691 965 2720 noster
993 2683 1108 2733 Sept.
1141 2681 1237 2719 Oct.
