1928 3051
420 153 470 201 54
968 172 1202 186 .--.

529 268 615 308 153.
661 271 702 307 S.
743 270 1148 320 microspcrma.

421 342 618 395 Sper-ulae
655 352 795 380 ovatae
830 341 1135 392 rotundaeque,
1183 339 1526 393 subirregulares,
1580 345 1762 382 omnium

419 420 724 455 minutissimae.
781 415 829 453 In
850 414 989 467 Fago,
1025 413 1162 462 Tamo,
1196 415 1298 453 Pino
1323 425 1403 455 etc.
1435 418 1626 469 copiose.
1665 417 1763 456 Per-

419 493 549 528 cunis.

528 564 613 612 154.
659 564 700 601 S.
743 563 1214 614 sphaerosperina.

418 637 465 676 In
494 637 697 675 nonnullis
726 636 846 688 hujus
885 637 1178 689 exemplaribus
1207 635 1418 689 sporulw,
1467 635 1586 678 lentis
1613 652 1762 691 augen-

419 714 596 750 tissimae
635 725 717 762 ope
755 711 966 758 lustratae,
1008 707 1100 766 silis
1144 714 1307 750 minutIS
1351 715 1486 764 parcis
1526 715 1762 752 intertextae
1798 725 1805 730 ·

417 785 534 824 nobis
565 786 786 837 (opticone
816 799 953 824 errore
982 784 1221 837 deceptis?)
1250 800 1491 838 apparuere.
1514 808 1568 816 —
1592 787 1761 826 Cultnos

420 859 714 912 Plu-agmitidis
742 863 878 900 siccos
908 872 994 898 non
1020 859 1253 912 infrequens
1280 861 1437 901 incolit.
1496 861 1706 901 Perennis.

757 1037 798 1076 5.
860 1036 1416 1077 HYSTERIUM.

525 1156 611 1195 155.
659 1156 714 1195 H.
751 1157 1064 1208 mytilinum.

416 1230 548 1283 Mytili
585 1229 793 1283 eujusdam
834 1230 984 1268 aliaeve
1021 1229 1208 1268 conchae
1246 1229 1377 1268 valvas
1413 1227 1550 1269 ambas
1595 1230 1669 1270 sibi
1697 1234 1760 1270 in·

416 1304 658 1344 cuinbentes
681 1307 840 1357 egregie
856 1304 995 1343 refert.
1039 1304 1198 1350 Crustu,
1228 1304 1450 1357 alienigena
1471 1304 1622 1352 forsan,
1652 1305 1760 1344 haud

415 1391 507 1416 raro
555 1378 684 1417 deest.
774 1378 995 1416 Pedicellus
1043 1389 1238 1418 constans
1285 1379 1493 1431 fungillum
1541 1388 1756 1426 sustentat,

417 1455 572 1491 etiamsi
599 1452 862 1492 brevissimus
891 1467 1016 1505 saepe
1043 1466 1092 1491 ac
1119 1455 1222 1491 intra
1255 1455 1421 1492 corticis
1449 1452 1616 1493 fissuras
1643 1453 1760 1492 alias-

416 1539 464 1563 ve
503 1527 735 1579 quisquilias
775 1527 1019 1566 delitescens
1058 1530 1192 1578 primo
1235 1526 1380 1565 obtutu
1417 1526 1597 1566 deficere
1625 1527 1760 1566 videa-

417 1610 502 1638 tur:
535 1610 599 1639 est
628 1611 761 1639 tamen
789 1604 931 1648 etiam,
964 1600 1125 1653 'quando
1155 1601 1291 1652 paullo
1320 1601 1476 1653 longior
1500 1614 1548 1639 ac
1569 1601 1760 1640 distincte

416 1675 669 1726 prominulus
699 1678 739 1713 in
769 1676 910 1714 oculos
939 1678 1070 1713 statim
1100 1678 1283 1713 incurrit.
1358 1671 1605 1731 Supersicies
1633 1685 1762 1716 trans-

415 1752 563 1787 versim
593 1749 843 1787 concharum
873 1763 990 1787 more
1020 1749 1243 1801 elegantule
1272 1752 1431 1796 striata,
1470 1759 1653 1788 ceterum
1681 1750 1763 1802 gla-

416 1821 503 1861 bra.
563 1823 721 1860 Rimam
751 1823 929 1861 hiantem
959 1824 1209 1877 compluries
1225 1824 1420 1862 vidimus:
1452 1823 1526 1862 sed
1550 1825 1758 1871 interiora,

415 1897 578 1936 diverso
607 1898 671 1935 vel
699 1898 815 1936 coelo
846 1898 906 1936 vel
935 1901 1029 1936 anni
1068 1908 1254 1950 tempore
1289 1911 1585 1948 saepenumero
1616 1901 1762 1937 extuni-

414 1981 527 2017 nata,
577 1984 742 2023 semper
777 1971 898 2010 nobis
931 1982 1000 2010 aut
1037 1985 1158 2019 cava,
1208 1982 1276 2010 aut
1303 1971 1514 2023 pulvereni
1544 1973 1758 2024 quemdam

414 2058 585 2097 parcum
622 2045 774 2084 coloris
821 2045 1115 2085 terreo-fusci
1151 2045 1354 2092 foventia,
1405 2048 1446 2083 in
1487 2057 1760 2098 conspectum

413 2132 586 2158 venere:
627 2119 736 2157 unde
776 2119 896 2158 dubia
934 2120 986 2158 de
1022 2119 1173 2172 fungilli
1207 2134 1358 2172 genere
1387 2120 1496 2157 haud
1525 2121 1760 2172 spernenda

415 2196 571 2231 moveri
617 2207 692 2246 par
728 2203 805 2232 est.
843 2216 896 2223 —
935 2194 1043 2233 Hab.
1082 2197 1123 2232 in
1161 2198 1315 2234 cortice
1352 2193 1528 2232 abiecino
1565 2194 1757 2248 vulgaris:

414 2271 541 2306 rarior
568 2271 610 2305 in
637 2269 769 2318 pineo.
826 2270 1036 2308 Perennis.

524 2341 610 2380 156.
657 2342 712 2380 H.
750 2342 1040 2394 globosum.

415 2415 574 2467 Greges
605 2418 699 2455 satis
729 2416 905 2455 conferti
933 2427 1051 2463 sunt,
1091 2416 1199 2455 unde
1237 2417 1420 2469 exempla
1449 2415 1516 2471 2J3
1544 2417 1756 2457 confluen-

415 2491 468 2526 tia
495 2489 700 2527 interdum
729 2491 1022 2530 observantur:
1069 2491 1182 2543 quod
1220 2491 1290 2529 ubi
1325 2491 1666 2543 longitudinaliter
1692 2491 1753 2538 fit,

414 2566 638 2614 specimina
666 2567 840 2603 existunt
878 2566 1032 2618 majora
1061 2564 1260 2617 oblonga,
1303 2578 1405 2616 quae
1444 2579 1521 2616 per
1557 2565 1755 2603 labiorum

415 2636 646 2675 confluxum
675 2641 811 2677 striata
838 2648 1052 2691 apparent.
1118 2635 1363 2694 Super-ficies
1398 2649 1580 2678 ceterum
1606 2639 1752 2680 laevis:
