<?xml version="1.0" encoding="UTF-8"?>
<!DOCTYPE html PUBLIC "-//W3C//DTD XHTML 1.0 Transitional//EN"
    "http://www.w3.org/TR/xhtml1/DTD/xhtml1-transitional.dtd">
<html xmlns="http://www.w3.org/1999/xhtml" xml:lang="en" lang="en">
 <head>
  <title>
</title>
<meta http-equiv="Content-Type" content="text/html;charset=utf-8" />
  <meta name='ocr-system' content='tesseract 3.04.00' />
  <meta name='ocr-capabilities' content='ocr_page ocr_carea ocr_par ocr_line ocrx_word'/>
</head>
<body>
  <div class='ocr_page' id='page_1' title='image "./conspectusfungor00albe_0294.png"; bbox 0 0 1928 3051; ppageno 0'>
   <div class='ocr_carea' id='block_1_1' title="bbox 270 843 421 875">
    <p class='ocr_par' dir='ltr' id='par_1_1' title="bbox 270 843 421 875">
     <span class='ocr_line' id='line_1_1' title="bbox 270 843 421 875; baseline -0.013 0"><span class='ocrx_word' id='word_1_1' title='bbox 270 844 342 875; x_wconf 57' lang='lat' dir='ltr'><strong>[nb.</strong></span> <span class='ocrx_word' id='word_1_2' title='bbox 361 843 421 874; x_wconf 68' lang='lat' dir='ltr'><strong>VI.</strong></span> 
     </span>
    </p>
   </div>
   <div class='ocr_carea' id='block_1_2' title="bbox 445 207 1250 244">
    <p class='ocr_par' dir='ltr' id='par_1_2' title="bbox 445 207 1250 244">
     <span class='ocr_line' id='line_1_2' title="bbox 445 207 1250 244; baseline -0.001 -1"><span class='ocrx_word' id='word_1_3' title='bbox 445 207 517 244; x_wconf 76' lang='lat'><strong>·..(›&#39;2</strong></span> <span class='ocrx_word' id='word_1_4' title='bbox 1017 225 1250 233; x_wconf 59' lang='lat'><strong>—-&gt;—-·-——-</strong></span> 
     </span>
    </p>
   </div>
   <div class='ocr_carea' id='block_1_3' title="bbox 441 317 1784 595">
    <p class='ocr_par' dir='ltr' id='par_1_3' title="bbox 441 317 1784 595">
     <span class='ocr_line' id='line_1_3' title="bbox 441 317 1782 368; baseline -0.005 -6"><span class='ocrx_word' id='word_1_5' title='bbox 441 325 539 364; x_wconf 78' lang='lat' dir='ltr'><strong>foco</strong></span> <span class='ocrx_word' id='word_1_6' title='bbox 569 324 788 368; x_wconf 77' lang='lat' dir='ltr'><strong>destinata,</strong></span> <span class='ocrx_word' id='word_1_7' title='bbox 827 319 985 358; x_wconf 83' lang='lat' dir='ltr'>radices</span> <span class='ocrx_word' id='word_1_8' title='bbox 1014 328 1192 358; x_wconf 80' lang='lat' dir='ltr'><strong>vetustas</strong></span> <span class='ocrx_word' id='word_1_9' title='bbox 1222 318 1327 357; x_wconf 62' lang='lat' dir='ltr'><strong>terra</strong></span> <span class='ocrx_word' id='word_1_10' title='bbox 1356 317 1604 366; x_wconf 85' lang='lat' dir='ltr'><strong>denudatas,</strong></span> <span class='ocrx_word' id='word_1_11' title='bbox 1642 317 1782 356; x_wconf 81' lang='lat' dir='ltr'><strong>hacte-</strong></span> 
     </span>
     <span class='ocr_line' id='line_1_4' title="bbox 442 392 1784 446; baseline -0.007 -9"><span class='ocrx_word' id='word_1_12' title='bbox 442 412 519 437; x_wconf 90' lang='lat' dir='ltr'><strong>nus</strong></span> <span class='ocrx_word' id='word_1_13' title='bbox 556 399 719 435; x_wconf 86' lang='lat' dir='ltr'><strong>nonnisi</strong></span> <span class='ocrx_word' id='word_1_14' title='bbox 757 398 797 432; x_wconf 87' lang='lat' dir='ltr'><strong>in</strong></span> <span class='ocrx_word' id='word_1_15' title='bbox 829 396 929 432; x_wconf 81' lang='grc' dir='ltr'><em>Ρὶιιο</em></span> <span class='ocrx_word' id='word_1_16' title='bbox 970 393 1154 446; x_wconf 70' lang='lat' dir='ltr'><em>sylvestri</em></span> <span class='ocrx_word' id='word_1_17' title='bbox 1193 395 1402 439; x_wconf 86' lang='lat' dir='ltr'><strong>inventus,</strong></span> <span class='ocrx_word' id='word_1_18' title='bbox 1445 392 1548 432; x_wconf 89' lang='lat' dir='ltr'><strong>locis</strong></span> <span class='ocrx_word' id='word_1_19' title='bbox 1585 392 1784 444; x_wconf 86' lang='lat' dir='ltr'>sylvarum</span> 
     </span>
     <span class='ocr_line' id='line_1_5' title="bbox 443 467 1784 520; baseline -0.004 -9"><span class='ocrx_word' id='word_1_20' title='bbox 443 471 682 512; x_wconf 84' lang='lat' dir='ltr'>siccioribus</span> <span class='ocrx_word' id='word_1_21' title='bbox 711 479 904 508; x_wconf 86' lang='lat' dir='ltr'><strong>autumno</strong></span> <span class='ocrx_word' id='word_1_22' title='bbox 933 468 1070 520; x_wconf 85' lang='lat' dir='ltr'><strong>pluvio</strong></span> <span class='ocrx_word' id='word_1_23' title='bbox 1099 470 1194 507; x_wconf 86' lang='lat' dir='ltr'><strong>satis</strong></span> <span class='ocrx_word' id='word_1_24' title='bbox 1230 467 1444 519; x_wconf 78' lang='lat' dir='ltr'><strong>frequens,</strong></span> <span class='ocrx_word' id='word_1_25' title='bbox 1485 480 1634 506; x_wconf 84' lang='lat' dir='ltr'><strong>sereno</strong></span> <span class='ocrx_word' id='word_1_26' title='bbox 1662 469 1784 506; x_wconf 78' lang='lat' dir='ltr'><strong>raris-</strong></span> 
     </span>
     <span class='ocr_line' id='line_1_6' title="bbox 442 541 1784 595; baseline -0.005 -10"><span class='ocrx_word' id='word_1_27' title='bbox 442 548 583 585; x_wconf 77' lang='lat' dir='ltr'><strong>simus.</strong></span> <span class='ocrx_word' id='word_1_28' title='bbox 641 546 822 584; x_wconf 81' lang='lat' dir='ltr'><strong>Exeunte</strong></span> <span class='ocrx_word' id='word_1_29' title='bbox 861 541 1117 595; x_wconf 82' lang='lat' dir='ltr'><strong>Septembri,</strong></span> <span class='ocrx_word' id='word_1_30' title='bbox 1164 552 1205 580; x_wconf 91' lang='lat' dir='ltr'><strong>et</strong></span> <span class='ocrx_word' id='word_1_31' title='bbox 1242 545 1427 594; x_wconf 84' lang='lat' dir='ltr'><strong>apprime</strong></span> <span class='ocrx_word' id='word_1_32' title='bbox 1458 541 1660 589; x_wconf 83' lang='lat' dir='ltr'>Octobri,</span> <span class='ocrx_word' id='word_1_33' title='bbox 1697 542 1784 579; x_wconf 87' lang='lat' dir='ltr'><strong>No-</strong></span> 
     </span>
    </p>
   </div>
   <div class='ocr_carea' id='block_1_4' title="bbox 443 620 607 659">
    <p class='ocr_par' dir='ltr' id='par_1_4' title="bbox 443 620 607 659">
     <span class='ocr_line' id='line_1_7' title="bbox 443 620 607 659; baseline 0 -2"><span class='ocrx_word' id='word_1_34' title='bbox 443 620 607 659; x_wconf 78' lang='lat' dir='ltr'><strong>vcmbri.</strong></span> 
     </span>
    </p>
   </div>
   <div class='ocr_carea' id='block_1_5' title="bbox 831 753 1394 784">
    <p class='ocr_par' dir='ltr' id='par_1_5' title="bbox 831 753 1394 784">
     <span class='ocr_line' id='line_1_8' title="bbox 831 753 1394 784; baseline -0.002 0"><span class='ocrx_word' id='word_1_35' title='bbox 831 753 1394 784; x_wconf 80' lang='lat' dir='ltr'>B.XYLODON.</span> 
     </span>
    </p>
   </div>
   <div class='ocr_carea' id='block_1_6' title="bbox 445 841 1796 2684">
    <p class='ocr_par' dir='ltr' id='par_1_6' title="bbox 551 841 1140 895">
     <span class='ocr_line' id='line_1_9' title="bbox 551 841 1140 895; baseline -0.003 -13"><span class='ocrx_word' id='word_1_36' title='bbox 551 843 641 895; x_wconf 86' lang='lat'><strong><em>775.</em></strong></span> <span class='ocrx_word' id='word_1_37' title='bbox 689 844 726 880; x_wconf 92' lang='lat' dir='ltr'><strong>S.</strong></span> <span class='ocrx_word' id='word_1_38' title='bbox 764 841 931 881; x_wconf 85' lang='lat' dir='ltr'><strong>viride</strong></span> <span class='ocrx_word' id='word_1_39' title='bbox 967 853 1140 880; x_wconf 76' lang='lat' dir='ltr'><strong>N0n1s.</strong></span> 
     </span>
    </p>

    <p class='ocr_par' dir='ltr' id='par_1_7' title="bbox 447 911 1787 1104">
     <span class='ocr_line' id='line_1_10' title="bbox 447 911 1787 974; baseline -0.006 -17"><span class='ocrx_word' id='word_1_40' title='bbox 447 917 489 957; x_wconf 86' lang='lat' dir='ltr'><strong>S.</strong></span> <span class='ocrx_word' id='word_1_41' title='bbox 521 920 570 956; x_wconf 91' lang='lat' dir='ltr'><strong>X.</strong></span> <span class='ocrx_word' id='word_1_42' title='bbox 608 915 775 974; x_wconf 75' lang='lat' dir='ltr'><strong>effusum</strong></span> <span class='ocrx_word' id='word_1_43' title='bbox 813 927 1072 954; x_wconf 78' lang='lat' dir='ltr'><strong>tomentosum</strong></span> <span class='ocrx_word' id='word_1_44' title='bbox 1113 913 1381 953; x_wconf 78' lang='lat' dir='ltr'><strong>mollissimum</strong></span> <span class='ocrx_word' id='word_1_45' title='bbox 1417 912 1569 960; x_wconf 81' lang='lat' dir='ltr'><strong>viride,</strong></span> <span class='ocrx_word' id='word_1_46' title='bbox 1609 911 1787 950; x_wconf 78' lang='lat' dir='ltr'><strong>dentibus</strong></span> 
     </span>
     <span class='ocr_line' id='line_1_11' title="bbox 448 986 1786 1048; baseline -0.004 -19"><span class='ocrx_word' id='word_1_47' title='bbox 448 991 712 1029; x_wconf 71' lang='lat' dir='ltr'><strong>crassiusculis</strong></span> <span class='ocrx_word' id='word_1_48' title='bbox 751 989 1005 1048; x_wconf 69' lang='lat' dir='ltr'><strong>dfformibus</strong></span> <span class='ocrx_word' id='word_1_49' title='bbox 1043 990 1293 1027; x_wconf 74' lang='lat' dir='ltr'><strong>acutiusculis</strong></span> <span class='ocrx_word' id='word_1_50' title='bbox 1331 987 1550 1043; x_wconf 76' lang='lat' dir='ltr'><strong>obtusisque</strong></span> <span class='ocrx_word' id='word_1_51' title='bbox 1586 986 1786 1025; x_wconf 78' lang='lat' dir='ltr'><strong>subincisis</strong></span> 
     </span>
     <span class='ocr_line' id='line_1_12' title="bbox 447 1068 597 1104; baseline 0.007 -2"><span class='ocrx_word' id='word_1_52' title='bbox 447 1068 597 1104; x_wconf 50' lang='lat' dir='ltr'><strong>‘&#39;s-estis·</strong></span> 
     </span>
    </p>

    <p class='ocr_par' dir='ltr' id='par_1_8' title="bbox 445 1136 1796 2608">
     <span class='ocr_line' id='line_1_13' title="bbox 550 1136 1789 1194; baseline -0.004 -14"><span class='ocrx_word' id='word_1_53' title='bbox 550 1144 683 1180; x_wconf 85' lang='lat' dir='ltr'><strong>Totus</strong></span> <span class='ocrx_word' id='word_1_54' title='bbox 712 1141 857 1194; x_wconf 74' lang='lat' dir='ltr'><strong>fungus</strong></span> <span class='ocrx_word' id='word_1_55' title='bbox 886 1140 1108 1179; x_wconf 76' lang='lat' dir='ltr'>admodum</span> <span class='ocrx_word' id='word_1_56' title='bbox 1137 1138 1271 1177; x_wconf 80' lang='lat' dir='ltr'><strong>moilis</strong></span> <span class='ocrx_word' id='word_1_57' title='bbox 1300 1136 1376 1176; x_wconf 87' lang='lat' dir='ltr'><strong>levi</strong></span> <span class='ocrx_word' id='word_1_58' title='bbox 1401 1140 1517 1175; x_wconf 76' lang='lat' dir='ltr'><strong>etiam</strong></span> <span class='ocrx_word' id='word_1_59' title='bbox 1543 1137 1653 1189; x_wconf 79' lang='lat' dir='ltr'><strong>digiti</strong></span> <span class='ocrx_word' id='word_1_60' title='bbox 1674 1149 1789 1189; x_wconf 86' lang='lat' dir='ltr'><strong>pres-</strong></span> 
     </span>
     <span class='ocr_line' id='line_1_14' title="bbox 447 1213 1790 1266; baseline -0.005 -11"><span class='ocrx_word' id='word_1_61' title='bbox 447 1220 563 1256; x_wconf 86' lang='lat' dir='ltr'><strong>sione</strong></span> <span class='ocrx_word' id='word_1_62' title='bbox 593 1216 707 1254; x_wconf 81' lang='lat' dir='ltr'><strong>valde</strong></span> <span class='ocrx_word' id='word_1_63' title='bbox 735 1216 866 1253; x_wconf 88' lang='lat' dir='ltr'><strong>laesus</strong></span> <span class='ocrx_word' id='word_1_64' title='bbox 894 1228 1024 1266; x_wconf 86' lang='lat' dir='ltr'><strong>paene</strong></span> <span class='ocrx_word' id='word_1_65' title='bbox 1055 1213 1297 1251; x_wconf 81' lang='lat' dir='ltr'><strong>destruitur:</strong></span> <span class='ocrx_word' id='word_1_66' title='bbox 1330 1221 1511 1250; x_wconf 82' lang='lat' dir='ltr'><strong>ceterum</strong></span> <span class='ocrx_word' id='word_1_67' title='bbox 1539 1214 1699 1258; x_wconf 89' lang='lat' dir='ltr'><strong>siccus,</strong></span> <span class='ocrx_word' id='word_1_68' title='bbox 1730 1213 1790 1248; x_wconf 88' lang='lat' dir='ltr'><strong>in-</strong></span> 
     </span>
     <span class='ocr_line' id='line_1_15' title="bbox 448 1285 1790 1341; baseline -0.004 -13"><span class='ocrx_word' id='word_1_69' title='bbox 448 1300 578 1329; x_wconf 84' lang='lat' dir='ltr'><strong>tactus</strong></span> <span class='ocrx_word' id='word_1_70' title='bbox 613 1289 680 1327; x_wconf 86' lang='lat' dir='ltr'><strong>diu</strong></span> <span class='ocrx_word' id='word_1_71' title='bbox 717 1291 959 1341; x_wconf 83' lang='lat' dir='ltr'><strong>persistens.</strong></span> <span class='ocrx_word' id='word_1_72' title='bbox 1033 1287 1154 1326; x_wconf 86' lang='lat' dir='ltr'><strong>Color</strong></span> <span class='ocrx_word' id='word_1_73' title='bbox 1189 1300 1285 1325; x_wconf 88' lang='lat' dir='ltr'><strong>mox</strong></span> <span class='ocrx_word' id='word_1_74' title='bbox 1322 1289 1497 1325; x_wconf 83' lang='lat' dir='ltr'><strong>vivacius</strong></span> <span class='ocrx_word' id='word_1_75' title='bbox 1531 1299 1627 1324; x_wconf 81' lang='lat' dir='ltr'><strong>mox</strong></span> <span class='ocrx_word' id='word_1_76' title='bbox 1662 1285 1790 1324; x_wconf 89' lang='lat' dir='ltr'><strong>sordi-</strong></span> 
     </span>
     <span class='ocr_line' id='line_1_16' title="bbox 447 1361 1788 1414; baseline -0.003 -12"><span class='ocrx_word' id='word_1_77' title='bbox 447 1364 536 1403; x_wconf 88' lang='lat' dir='ltr'><strong>dius</strong></span> <span class='ocrx_word' id='word_1_78' title='bbox 565 1363 726 1411; x_wconf 89' lang='lat' dir='ltr'><strong>viridis,</strong></span> <span class='ocrx_word' id='word_1_79' title='bbox 757 1363 813 1401; x_wconf 83' lang='lat' dir='ltr'><strong>illi</strong></span> <span class='ocrx_word' id='word_1_80' title='bbox 839 1362 890 1401; x_wconf 85' lang='lat' dir='ltr'><strong>ad</strong></span> <span class='ocrx_word' id='word_1_81' title='bbox 919 1364 973 1401; x_wconf 88' lang='lat' dir='ltr'><strong>N.</strong></span> <span class='ocrx_word' id='word_1_82' title='bbox 1007 1361 1056 1400; x_wconf 79' lang='lat'><strong>23</strong></span> <span class='ocrx_word' id='word_1_83' title='bbox 1083 1361 1161 1414; x_wconf 84' lang='lat' dir='ltr'><strong>jam</strong></span> <span class='ocrx_word' id='word_1_84' title='bbox 1189 1361 1377 1408; x_wconf 80' lang='lat' dir='ltr'><strong>laudato,</strong></span> <span class='ocrx_word' id='word_1_85' title='bbox 1413 1364 1481 1413; x_wconf 85' lang='lat' dir='ltr'><strong>qui</strong></span> <span class='ocrx_word' id='word_1_86' title='bbox 1509 1371 1573 1400; x_wconf 87' lang='lat' dir='ltr'><strong>est</strong></span> <span class='ocrx_word' id='word_1_87' title='bbox 1599 1364 1639 1398; x_wconf 87' lang='lat' dir='ltr'><strong>in</strong></span> <span class='ocrx_word' id='word_1_88' title='bbox 1669 1373 1788 1400; x_wconf 87' lang='lat' dir='ltr'><strong>caseo</strong></span> 
     </span>
     <span class='ocr_line' id='line_1_17' title="bbox 446 1436 1791 1490; baseline -0.003 -14"><span class='ocrx_word' id='word_1_89' title='bbox 446 1438 585 1487; x_wconf 72' lang='lat' dir='ltr'><strong>viridi,</strong></span> <span class='ocrx_word' id='word_1_90' title='bbox 618 1438 819 1477; x_wconf 85' lang='lat' dir='ltr'><strong>interdum</strong></span> <span class='ocrx_word' id='word_1_91' title='bbox 849 1440 1133 1490; x_wconf 81' lang='lat' dir='ltr'><strong>propinquus,</strong></span> <span class='ocrx_word' id='word_1_92' title='bbox 1163 1436 1237 1474; x_wconf 65' lang='lat' dir='ltr'><strong>alifi</strong></span> <span class='ocrx_word' id='word_1_93' title='bbox 1266 1439 1355 1474; x_wconf 88' lang='lat' dir='ltr'><strong>vice</strong></span> <span class='ocrx_word' id='word_1_94' title='bbox 1383 1439 1424 1473; x_wconf 90' lang='lat' dir='ltr'><strong>in</strong></span> <span class='ocrx_word' id='word_1_95' title='bbox 1445 1436 1681 1474; x_wconf 82' lang='lat' dir='ltr'><strong>coeruleum</strong></span> <span class='ocrx_word' id='word_1_96' title='bbox 1701 1449 1791 1473; x_wconf 87' lang='lat' dir='ltr'><strong>ver-</strong></span> 
     </span>
     <span class='ocr_line' id='line_1_18' title="bbox 445 1510 1791 1566; baseline -0.003 -14"><span class='ocrx_word' id='word_1_97' title='bbox 445 1526 570 1566; x_wconf 81' lang='lat' dir='ltr'><strong>gens,</strong></span> <span class='ocrx_word' id='word_1_98' title='bbox 609 1515 874 1565; x_wconf 83' lang='lat' dir='ltr'><strong>aeruginosus</strong></span> <span class='ocrx_word' id='word_1_99' title='bbox 914 1511 1021 1551; x_wconf 87' lang='lat' dir='ltr'><strong>fere:</strong></span> <span class='ocrx_word' id='word_1_100' title='bbox 1075 1522 1257 1550; x_wconf 85' lang='lat' dir='ltr'><strong>ceterum</strong></span> <span class='ocrx_word' id='word_1_101' title='bbox 1296 1513 1392 1550; x_wconf 80' lang='lat' dir='ltr'><strong>satis</strong></span> <span class='ocrx_word' id='word_1_102' title='bbox 1421 1510 1674 1563; x_wconf 82' lang='lat' dir='ltr'><strong>profundus,</strong></span> <span class='ocrx_word' id='word_1_103' title='bbox 1717 1510 1791 1549; x_wconf 88' lang='lat' dir='ltr'><strong>sed</strong></span> 
     </span>
     <span class='ocr_line' id='line_1_19' title="bbox 446 1584 1789 1640; baseline -0.003 -15"><span class='ocrx_word' id='word_1_104' title='bbox 446 1590 488 1625; x_wconf 83' lang='lat' dir='ltr'><strong>in</strong></span> <span class='ocrx_word' id='word_1_105' title='bbox 515 1587 641 1640; x_wconf 80' lang='lat' dir='ltr'><strong>Fungo</strong></span> <span class='ocrx_word' id='word_1_106' title='bbox 671 1587 829 1626; x_wconf 84' lang='lat' dir='ltr'><strong>exoleto</strong></span> <span class='ocrx_word' id='word_1_107' title='bbox 859 1587 953 1639; x_wconf 78' lang='lat' dir='ltr'><strong>(qui</strong></span> <span class='ocrx_word' id='word_1_108' title='bbox 981 1589 1126 1626; x_wconf 86' lang='lat' dir='ltr'><strong>viroris</strong></span> <span class='ocrx_word' id='word_1_109' title='bbox 1155 1589 1196 1624; x_wconf 86' lang='lat' dir='ltr'><strong>in</strong></span> <span class='ocrx_word' id='word_1_110' title='bbox 1223 1586 1307 1624; x_wconf 86' lang='lat' dir='ltr'><strong>aliis</strong></span> <span class='ocrx_word' id='word_1_111' title='bbox 1343 1589 1485 1633; x_wconf 84' lang='lat' dir='ltr'><strong>etiam,</strong></span> <span class='ocrx_word' id='word_1_112' title='bbox 1517 1601 1554 1624; x_wconf 84' lang='lat' dir='ltr'><strong>v.</strong></span> <span class='ocrx_word' id='word_1_113' title='bbox 1587 1599 1624 1624; x_wconf 88' lang='lat' dir='ltr'><strong>c.</strong></span> <span class='ocrx_word' id='word_1_114' title='bbox 1655 1584 1789 1636; x_wconf 79' lang='lat' dir='ltr'><strong>Agar.</strong></span> 
     </span>
     <span class='ocr_line' id='line_1_20' title="bbox 450 1660 1791 1713; baseline -0.003 -14"><span class='ocrx_word' id='word_1_115' title='bbox 450 1662 632 1699; x_wconf 61' lang='lat' dir='ltr'><strong>Pratelld</strong></span> <span class='ocrx_word' id='word_1_116' title='bbox 667 1663 936 1713; x_wconf 53' lang='lat' dir='ltr'><strong>aeruginosa,</strong></span> <span class='ocrx_word' id='word_1_117' title='bbox 988 1661 1132 1698; x_wconf 65' lang='lat' dir='ltr'><strong>Pezint</strong></span> <span class='ocrx_word' id='word_1_118' title='bbox 1169 1661 1317 1698; x_wconf 58' lang='lat' dir='ltr'><strong>sericea</strong></span> <span class='ocrx_word' id='word_1_119' title='bbox 1346 1660 1511 1708; x_wconf 55' lang='lat' dir='ltr'><strong>nostrii,</strong></span> <span class='ocrx_word' id='word_1_120' title='bbox 1554 1661 1600 1698; x_wconf 87' lang='lat' dir='ltr'><strong>P.</strong></span> <span class='ocrx_word' id='word_1_121' title='bbox 1631 1660 1791 1710; x_wconf 77' lang='lat' dir='ltr'><strong>aerugi-</strong></span> 
     </span>
     <span class='ocr_line' id='line_1_21' title="bbox 450 1734 1793 1788; baseline -0.001 -16"><span class='ocrx_word' id='word_1_122' title='bbox 450 1737 545 1773; x_wconf 69' lang='grc' dir='ltr'><strong>ιιοςᾶ</strong></span> <span class='ocrx_word' id='word_1_123' title='bbox 582 1758 635 1765; x_wconf 92' lang='grc'><strong>-</strong></span> <span class='ocrx_word' id='word_1_124' title='bbox 669 1750 761 1775; x_wconf 82' lang='lat' dir='ltr'><strong>mos</strong></span> <span class='ocrx_word' id='word_1_125' title='bbox 799 1739 884 1787; x_wconf 89' lang='lat' dir='ltr'><strong>est)</strong></span> <span class='ocrx_word' id='word_1_126' title='bbox 932 1736 1231 1788; x_wconf 82' lang='lat' dir='ltr'><strong>expallescens,</strong></span> <span class='ocrx_word' id='word_1_127' title='bbox 1280 1734 1472 1774; x_wconf 63' lang='lat' dir='ltr'><strong>flavio-ans</strong></span> <span class='ocrx_word' id='word_1_128' title='bbox 1522 1745 1589 1773; x_wconf 85' lang='lat' dir='ltr'><strong>aut</strong></span> <span class='ocrx_word' id='word_1_129' title='bbox 1628 1734 1793 1774; x_wconf 85' lang='lat' dir='ltr'><strong>sordide</strong></span> 
     </span>
     <span class='ocr_line' id='line_1_22' title="bbox 449 1809 1795 1858; baseline -0.003 -8"><span class='ocrx_word' id='word_1_130' title='bbox 449 1812 714 1850; x_wconf 84' lang='lat' dir='ltr'><strong>ochrascens.</strong></span> <span class='ocrx_word' id='word_1_131' title='bbox 773 1809 1002 1849; x_wconf 55' lang='lat' dir='ltr'><strong>Subit-ulum</strong></span> <span class='ocrx_word' id='word_1_132' title='bbox 1023 1820 1224 1858; x_wconf 85' lang='lat' dir='ltr'><strong>tenerum,</strong></span> <span class='ocrx_word' id='word_1_133' title='bbox 1257 1810 1409 1850; x_wconf 89' lang='lat' dir='ltr'><strong>subulis</strong></span> <span class='ocrx_word' id='word_1_134' title='bbox 1431 1809 1656 1856; x_wconf 88' lang='lat' dir='ltr'><strong>concolor,</strong></span> <span class='ocrx_word' id='word_1_135' title='bbox 1689 1823 1710 1847; x_wconf 84' lang='lat' dir='ltr'>c</span> <span class='ocrx_word' id='word_1_136' title='bbox 1730 1818 1795 1846; x_wconf 92' lang='lat' dir='ltr'><strong>to-</strong></span> 
     </span>
     <span class='ocr_line' id='line_1_23' title="bbox 448 1885 1794 1936; baseline -0.001 -13"><span class='ocrx_word' id='word_1_137' title='bbox 448 1896 588 1924; x_wconf 83' lang='lat' dir='ltr'><strong>mento</strong></span> <span class='ocrx_word' id='word_1_138' title='bbox 619 1889 729 1924; x_wconf 88' lang='lat' dir='ltr'><strong>tenui</strong></span> <span class='ocrx_word' id='word_1_139' title='bbox 757 1888 799 1923; x_wconf 87' lang='lat' dir='ltr'><strong>in</strong></span> <span class='ocrx_word' id='word_1_140' title='bbox 826 1885 1099 1924; x_wconf 81' lang='lat' dir='ltr'><strong>membranam</strong></span> <span class='ocrx_word' id='word_1_141' title='bbox 1119 1899 1227 1924; x_wconf 88' lang='lat' dir='ltr'><strong>nunc</strong></span> <span class='ocrx_word' id='word_1_142' title='bbox 1251 1895 1375 1923; x_wconf 80' lang='lat' dir='ltr'><strong>totam</strong></span> <span class='ocrx_word' id='word_1_143' title='bbox 1396 1885 1654 1936; x_wconf 80' lang='lat' dir='ltr'><strong>adpressam,</strong></span> <span class='ocrx_word' id='word_1_144' title='bbox 1683 1896 1794 1922; x_wconf 90' lang='lat' dir='ltr'><strong>nunc</strong></span> 
     </span>
     <span class='ocr_line' id='line_1_24' title="bbox 448 1959 1796 2012; baseline -0.001 -14"><span class='ocrx_word' id='word_1_145' title='bbox 448 1961 629 2012; x_wconf 77' lang='lat' dir='ltr'><strong>margine</strong></span> <span class='ocrx_word' id='word_1_146' title='bbox 668 1964 819 2012; x_wconf 80' lang='lat' dir='ltr'><strong>passim</strong></span> <span class='ocrx_word' id='word_1_147' title='bbox 857 1960 1071 2007; x_wconf 76' lang='lat' dir='ltr'><strong>reflexmn,</strong></span> <span class='ocrx_word' id='word_1_148' title='bbox 1114 1959 1350 1998; x_wconf 68' lang='lat' dir='ltr'><strong>conflatum.</strong></span> <span class='ocrx_word' id='word_1_149' title='bbox 1418 1960 1567 1996; x_wconf 76' lang='lat' dir='ltr'><strong>Dentes</strong></span> <span class='ocrx_word' id='word_1_150' title='bbox 1596 1961 1698 1997; x_wconf 83' lang='lat' dir='ltr'><strong>recti</strong></span> <span class='ocrx_word' id='word_1_151' title='bbox 1726 1968 1796 1996; x_wconf 84' lang='lat' dir='ltr'><strong>aut</strong></span> 
     </span>
     <span class='ocr_line' id='line_1_25' title="bbox 449 2033 1796 2087; baseline -0.002 -14"><span class='ocrx_word' id='word_1_152' title='bbox 449 2035 706 2087; x_wconf 86' lang='lat' dir='ltr'><strong>subobliqui,</strong></span> <span class='ocrx_word' id='word_1_153' title='bbox 739 2038 945 2082; x_wconf 78' lang='lat' dir='ltr'><strong>crassitie,</strong></span> <span class='ocrx_word' id='word_1_154' title='bbox 976 2034 1255 2087; x_wconf 80' lang='lat' dir='ltr'><strong>longitudine,</strong></span> <span class='ocrx_word' id='word_1_155' title='bbox 1296 2033 1427 2072; x_wconf 54' lang='lat' dir='ltr'><strong>Formi}</strong></span> <span class='ocrx_word' id='word_1_156' title='bbox 1457 2034 1629 2080; x_wconf 88' lang='lat' dir='ltr'><strong>diversi;</strong></span> <span class='ocrx_word' id='word_1_157' title='bbox 1672 2033 1796 2085; x_wconf 88' lang='lat' dir='ltr'><strong>pleri-</strong></span> 
     </span>
     <span class='ocr_line' id='line_1_26' title="bbox 449 2108 1790 2163; baseline -0.001 -16"><span class='ocrx_word' id='word_1_158' title='bbox 449 2123 528 2162; x_wconf 84' lang='lat' dir='ltr'><strong>que</strong></span> <span class='ocrx_word' id='word_1_159' title='bbox 568 2109 636 2147; x_wconf 83' lang='lat' dir='ltr'><strong>lin.</strong></span> <span class='ocrx_word' id='word_1_160' title='bbox 674 2123 689 2146; x_wconf 94' lang='lat'>1</span> <span class='ocrx_word' id='word_1_161' title='bbox 730 2109 814 2148; x_wconf 84' lang='lat' dir='ltr'><strong>fere</strong></span> <span class='ocrx_word' id='word_1_162' title='bbox 851 2110 985 2161; x_wconf 84' lang='lat' dir='ltr'><strong>longi,</strong></span> <span class='ocrx_word' id='word_1_163' title='bbox 1027 2116 1054 2163; x_wconf 44' lang='grc' dir='ltr'><strong>ἕδ-</strong></span> <span class='ocrx_word' id='word_1_164' title='bbox 1081 2110 1208 2147; x_wconf 75' lang='lat' dir='ltr'><strong>lineae</strong></span> <span class='ocrx_word' id='word_1_165' title='bbox 1247 2108 1334 2147; x_wconf 92' lang='lat' dir='ltr'><strong>basi</strong></span> <span class='ocrx_word' id='word_1_166' title='bbox 1371 2111 1520 2156; x_wconf 87' lang='lat' dir='ltr'><strong>crassi,</strong></span> <span class='ocrx_word' id='word_1_167' title='bbox 1563 2108 1790 2153; x_wconf 87' lang='lat' dir='ltr'><strong>subconici‚</strong></span> 
     </span>
     <span class='ocr_line' id='line_1_27' title="bbox 448 2182 1794 2236; baseline -0.001 -15"><span class='ocrx_word' id='word_1_168' title='bbox 448 2183 512 2221; x_wconf 81' lang='lat' dir='ltr'><strong>alii</strong></span> <span class='ocrx_word' id='word_1_169' title='bbox 551 2187 782 2235; x_wconf 82' lang='lat' dir='ltr'><strong>compressi</strong></span> <span class='ocrx_word' id='word_1_170' title='bbox 824 2187 941 2236; x_wconf 81' lang='lat' dir='ltr'><strong>apice</strong></span> <span class='ocrx_word' id='word_1_171' title='bbox 984 2184 1204 2231; x_wconf 85' lang='lat' dir='ltr'><strong>subincisi‚</strong></span> <span class='ocrx_word' id='word_1_172' title='bbox 1255 2185 1350 2222; x_wconf 82' lang='lat' dir='ltr'><strong>satis</strong></span> <span class='ocrx_word' id='word_1_173' title='bbox 1396 2182 1586 2222; x_wconf 78' lang='lat' dir='ltr'><strong>conferti.</strong></span> <span class='ocrx_word' id='word_1_174' title='bbox 1644 2183 1794 2220; x_wconf 79' lang='lat' dir='ltr'><strong>Forma</strong></span> 
     </span>
     <span class='ocr_line' id='line_1_28' title="bbox 451 2257 1792 2311; baseline 0.001 -16"><span class='ocrx_word' id='word_1_175' title='bbox 451 2257 712 2310; x_wconf 70' lang='lat' dir='ltr'><strong>subrependo</strong></span> <span class='ocrx_word' id='word_1_176' title='bbox 737 2281 757 2288; x_wconf 86' lang='lat'><em>-</em></span> <span class='ocrx_word' id='word_1_177' title='bbox 784 2258 933 2297; x_wconf 74' lang='lat' dir='ltr'><strong>effusa:</strong></span> <span class='ocrx_word' id='word_1_178' title='bbox 988 2257 1197 2309; x_wconf 72' lang='lat' dir='ltr'><strong>longitudo</strong></span> <span class='ocrx_word' id='word_1_179' title='bbox 1243 2258 1491 2311; x_wconf 79' lang='lat' dir='ltr'><strong>quandoque</strong></span> <span class='ocrx_word' id='word_1_180' title='bbox 1528 2258 1792 2310; x_wconf 80' lang='lat' dir='ltr'><strong>spithamaea,</strong></span> 
     </span>
     <span class='ocr_line' id='line_1_29' title="bbox 450 2332 1795 2386; baseline 0.001 -17"><span class='ocrx_word' id='word_1_181' title='bbox 450 2332 621 2370; x_wconf 58' lang='lat' dir='ltr'><strong>latitudo</strong></span> <span class='ocrx_word' id='word_1_182' title='bbox 661 2334 812 2386; x_wconf 85' lang='lat' dir='ltr'><strong>aliquot</strong></span> <span class='ocrx_word' id='word_1_183' title='bbox 850 2336 1073 2371; x_wconf 85' lang='lat' dir='ltr'><strong>unciarum.</strong></span> <span class='ocrx_word' id='word_1_184' title='bbox 1147 2333 1294 2371; x_wconf 84' lang='lat' dir='ltr'><strong>Raram</strong></span> <span class='ocrx_word' id='word_1_185' title='bbox 1336 2333 1546 2385; x_wconf 77' lang='lat' dir='ltr'><strong>aliquoties</strong></span> <span class='ocrx_word' id='word_1_186' title='bbox 1582 2332 1795 2373; x_wconf 81' lang='lat' dir='ltr'><strong>habuimus</strong></span> 
     </span>
     <span class='ocr_line' id='line_1_30' title="bbox 451 2407 1796 2460; baseline 0 -14"><span class='ocrx_word' id='word_1_187' title='bbox 451 2409 635 2459; x_wconf 82' lang='lat' dir='ltr'><strong>speeiem</strong></span> <span class='ocrx_word' id='word_1_188' title='bbox 682 2411 723 2445; x_wconf 91' lang='lat' dir='ltr'><strong>in</strong></span> <span class='ocrx_word' id='word_1_189' title='bbox 768 2409 891 2460; x_wconf 59' lang='lat' dir='ltr'><strong>sylv-Is</strong></span> <span class='ocrx_word' id='word_1_190' title='bbox 935 2409 1110 2460; x_wconf 79' lang='lat' dir='ltr'><strong>antiquiS</strong></span> <span class='ocrx_word' id='word_1_191' title='bbox 1159 2408 1421 2447; x_wconf 83' lang='lat' dir='ltr'><strong>humentibus</strong></span> <span class='ocrx_word' id='word_1_192' title='bbox 1471 2407 1796 2457; x_wconf 60' lang='lat' dir='ltr'><strong>sumbrosissimis</strong></span> 
     </span>
     <span class='ocr_line' id='line_1_31' title="bbox 453 2481 1795 2535; baseline 0.001 -17"><span class='ocrx_word' id='word_1_193' title='bbox 453 2482 686 2531; x_wconf 70' lang='lat' dir='ltr'><strong>(Moholzer</strong></span> <span class='ocrx_word' id='word_1_194' title='bbox 716 2483 849 2520; x_wconf 76' lang='lat' dir='ltr'><strong>Haicle</strong></span> <span class='ocrx_word' id='word_1_195' title='bbox 885 2485 1061 2534; x_wconf 82' lang='lat' dir='ltr'><strong>passim)</strong></span> <span class='ocrx_word' id='word_1_196' title='bbox 1098 2486 1251 2523; x_wconf 84' lang='lat' dir='ltr'><strong>truncis</strong></span> <span class='ocrx_word' id='word_1_197' title='bbox 1291 2483 1457 2535; x_wconf 83' lang='lat' dir='ltr'><strong>lignisve</strong></span> <span class='ocrx_word' id='word_1_198' title='bbox 1494 2481 1693 2535; x_wconf 79' lang='lat' dir='ltr'><strong>projectis</strong></span> <span class='ocrx_word' id='word_1_199' title='bbox 1727 2495 1795 2520; x_wconf 86' lang='lat' dir='ltr'><strong>se-</strong></span> 
     </span>
     <span class='ocr_line' id='line_1_32' title="bbox 453 2556 1720 2608; baseline 0.002 -15"><span class='ocrx_word' id='word_1_200' title='bbox 453 2556 696 2608; x_wconf 82' lang='lat' dir='ltr'><strong>miputribus</strong></span> <span class='ocrx_word' id='word_1_201' title='bbox 725 2558 848 2595; x_wconf 77' lang='lat' dir='ltr'><strong>alneis</strong></span> <span class='ocrx_word' id='word_1_202' title='bbox 876 2560 1192 2597; x_wconf 84' lang='lat' dir='ltr'><strong>increscentem.</strong></span> <span class='ocrx_word' id='word_1_203' title='bbox 1248 2558 1415 2597; x_wconf 86' lang='lat' dir='ltr'><strong>Aestate</strong></span> <span class='ocrx_word' id='word_1_204' title='bbox 1444 2567 1485 2596; x_wconf 88' lang='lat' dir='ltr'><strong>et</strong></span> <span class='ocrx_word' id='word_1_205' title='bbox 1511 2566 1720 2596; x_wconf 88' lang='lat' dir='ltr'><strong>autumno.</strong></span> 
     </span>
    </p>

    <p class='ocr_par' dir='ltr' id='par_1_9' title="bbox 557 2631 1103 2684">
     <span class='ocr_line' id='line_1_33' title="bbox 557 2631 1103 2684; baseline 0.005 -16"><span class='ocrx_word' id='word_1_206' title='bbox 557 2631 647 2682; x_wconf 76' lang='lat'><strong><em>776.</em></strong></span> <span class='ocrx_word' id='word_1_207' title='bbox 695 2634 731 2669; x_wconf 88' lang='lat' dir='ltr'><strong>S.</strong></span> <span class='ocrx_word' id='word_1_208' title='bbox 772 2636 1103 2684; x_wconf 85' lang='lat' dir='ltr'><strong>quercinum.</strong></span> 
     </span>
    </p>
   </div>
   <div class='ocr_carea' id='block_1_7' title="bbox 460 2705 1796 2760">
    <p class='ocr_par' dir='ltr' id='par_1_10' title="bbox 460 2705 1796 2760">
     <span class='ocr_line' id='line_1_34' title="bbox 460 2705 1796 2760; baseline 0.002 -19"><span class='ocrx_word' id='word_1_209' title='bbox 460 2705 603 2742; x_wconf 76' lang='lat' dir='ltr'><strong>Dentes</strong></span> <span class='ocrx_word' id='word_1_210' title='bbox 630 2710 748 2759; x_wconf 86' lang='lat' dir='ltr'><strong>apice</strong></span> <span class='ocrx_word' id='word_1_211' title='bbox 778 2707 900 2746; x_wconf 84' lang='lat' dir='ltr'><strong>modo</strong></span> <span class='ocrx_word' id='word_1_212' title='bbox 931 2711 1098 2760; x_wconf 72' lang='lat' dir='ltr'><strong>integri,</strong></span> <span class='ocrx_word' id='word_1_213' title='bbox 1131 2708 1256 2746; x_wconf 68' lang='lat' dir='ltr'><strong>ruodo</strong></span> <span class='ocrx_word' id='word_1_214' title='bbox 1287 2707 1394 2754; x_wconf 68' lang='lat' dir='ltr'><strong>tissi,</strong></span> <span class='ocrx_word' id='word_1_215' title='bbox 1431 2710 1512 2745; x_wconf 87' lang='lat' dir='ltr'><strong>imo</strong></span> <span class='ocrx_word' id='word_1_216' title='bbox 1541 2709 1660 2746; x_wconf 82' lang='lat' dir='ltr'><strong>etiam</strong></span> <span class='ocrx_word' id='word_1_217' title='bbox 1687 2719 1796 2745; x_wconf 85' lang='lat' dir='ltr'><strong>non-</strong></span> 
     </span>
    </p>
   </div>
  </div>
 </body>
</html>
