1928 3051
404 217 476 256 166

399 335 603 374 umbrosis
631 334 727 372 hinc
748 332 843 371 inde
861 331 1193 383 (Schiipswiesem
1223 330 1432 369 Moholzer
1459 327 1614 374 Haide,·
1644 328 1739 369 Soh-

401 408 541 446 {ander
570 408 729 457 Bet-g);
760 416 800 444 at
827 420 971 457 parum
1000 418 1095 444 sane
1123 404 1315 457 frequens
1344 408 1385 443 in
1411 404 1648 458 regionibus
1665 416 1741 443 no-

401 486 508 521 stris.
567 483 750 532 Augusto
781 490 821 517 et
849 478 1095 530 Septembri.

503 556 595 605 475.
643 555 692 592 A.
733 552 784 592 G.
827 563 1030 591 acutus.

407 627 530 667 Umbo
560 643 637 680 pro
667 631 823 665 ratione
853 640 1044 680 magnus,
1088 636 1226 665 exacte
1264 629 1458 673 comeus,
1500 625 1742 677 plerumque

401 716 530 755 paene
558 705 686 753 niger.
757 704 925 753 Species
958 701 1215 739 Cortinariae
1248 700 1458 751 decipienti
1488 700 1742 752 quantumvis

401 780 583 828 proxima
612 777 860 828 aliquzitenus
891 786 1025 814 tamen
1051 779 1185 814 nitore
1215 773 1314 820 suo,
1361 774 1521 813 cortina
1559 776 1621 811 vix
1649 771 1740 819 ullzi,

401 864 449 888 ac
479 851 682 889 coloribus
711 850 888 887 umbone
918 860 1090 902 excepto
1125 849 1382 888 dilutioribus
1410 848 1460 886 ab
1490 847 1537 886 e&
1567 846 1744 886 discerni

401 934 556 977 potest.
626 925 761 976 Sylvas
799 924 940 962 incolit
986 937 1202 971 acerosas‚
1255 925 1496 975 praesertim
1531 921 1741 967 abietinas,

402 1001 554 1049 passim
583 997 797 1049 frequens3
838 1011 915 1036 una
945 1012 1037 1036 cum
1068 997 1244 1036 Octobri
1272 999 1313 1035 in
1339 998 1474 1035 lucem
1502 995 1715 1048 prodiens.

506 1071 598 1123 476.
644 1072 694 1109 A.
738 1071 789 1110 G.
833 1072 1103 1110 Cucumis.

402 1146 477 1183 Est
504 1159 586 1183 var.
617 1144 663 1193 β,
695 1148 736 1182 in
768 1144 878 1183 Obss.
909 1145 1053 1198 mycol.
1084 1146 1110 1183 l.
1144 1159 1178 1182 c.
1207 1144 1404 1190 indicata,
1436 1155 1537 1195 quae
1566 1155 1665 1180 vero
1695 1140 1746 1179 ab

404 1233 445 1266 α,
488 1222 665 1270 separari
704 1222 765 1256 vix
803 1229 996 1257 meretur.
1076 1218 1207 1257 Pileus
1244 1218 1307 1256 vel
1340 1227 1451 1255 totus
1479 1215 1644 1262 fuscus,
1684 1214 1748 1253 vel

402 1296 578 1344 margine
624 1292 786 1331 dilutior
821 1295 863 1330 in
899 1292 1033 1330 rufum
1071 1305 1258 1344 vergens.
1329 1290 1461 1343 Stipes
1495 1289 1745 1336 subsolidus,

404 1366 593 1404 deorsum
623 1368 758 1417 niger,
797 1379 957 1404 sursum
994 1366 1357 1418 ftiscopurpureus.
1418 1364 1532 1404 Odor
1557 1376 1747 1416 praeser-

406 1444 475 1478 tim
503 1443 544 1477 in
571 1439 696 1492 fungo
727 1450 989 1492 putrescente
1021 1443 1176 1493 gravis,
1216 1440 1441 1479 halecinus.
1507 1440 1613 1476 Rara
1653 1450 1750 1489 spe-

406 1519 490 1554 cies
520 1525 561 1552 et
590 1515 724 1562 tarda,
758 1518 920 1554 nonnisi
947 1515 1010 1553 bis
1039 1515 1145 1553 lecta
1173 1519 1377 1554 terrestris
1407 1514 1533 1563 (Seer
1560 1511 1748 1562 Lohgru·

406 1588 501 1633 ὒεης
533 1588 758 1627 Sohlancler
786 1590 921 1640 Berg)
953 1591 1049 1628 Oct.
1080 1591 1187 1628 NOV.

510 1668 600 1715 477.
645 1663 696 1701 A.
739 1663 793 1700 G.
833 1664 1081 1715 pumilus.

408 1739 616 1776 Serotinus
647 1747 709 1775 est
736 1747 902 1784 noster,
943 1736 1016 1775 sed
1054 1737 1324 1789 descriptioni
1353 1737 1649 1775 Persoonianae
1678 1746 1748 1774 ce-

408 1822 539 1849 terum
568 1821 706 1849 exacte
735 1824 930 1863 aggruus,
961 1811 1065 1851 locis
1093 1815 1175 1851 suis
1204 1815 1356 1864 passim
1385 1812 1529 1852 obvius
1560 1810 1746 1858 Octobri,

408 1885 643 1924 Novembri.

510 1959 602 2011 478.
647 1960 698 1998 A.
740 1959 793 1999 G.
833 1974 1184 2013 conspersus.

771 2033 850 2083 ββ,
882 2036 1095 2073 ochrae-eus

413 2092 697 2160 Tegumenturn
753 2107 955 2147 farinaceo
981 2131 1000 2138 —
1027 2110 1355 2161 squamulosum,
1418 2109 1601 2162 ejusdem
1647 2108 1747 2156 fere,

410 2195 511 2234 quae.
540 2191 604 2221 est
630 2185 672 2219 in
701 2182 904 2234 Lepiotis‚
942 2183 1117 2230 indolis,
1157 2194 1288 2222 totum
1318 2186 1452 2235 primo
1480 2183 1648 2235 Fungum
1677 2182 1753 2221 ob-

408 2256 575 2294 volvens
591 2285 600 2303 ,
631 2266 727 2308 post
757 2256 1067 2308 explicationem
1095 2260 1214 2296 etiam
1242 2261 1283 2295 in
1303 2257 1408 2310 pileo
1431 2271 1479 2296 ac
1502 2259 1637 2311 stipite
1657 2272 1754 2310 per-

409 2332 536 2368 sistit:
580 2330 689 2381 quod
726 2331 945 2381 speciebus
987 2331 1142 2370 tenelliS
1172 2332 1351 2384 alioquin
1377 2333 1581 2371 insolitum
1609 2342 1753 2371 notatu

411 2407 578 2441 omnino
609 2404 773 2455 dignum
802 2414 879 2444 est.
948 2407 1170 2457 Discrepat
1206 2416 1387 2444 ceterum
1419 2421 1501 2445 var.
1533 2414 1675 2446 nostra
1701 2407 1753 2445 ab

412 2491 451 2523 α,
484 2478 625 2515 colore
655 2477 843 2528 (lamellis
874 2481 1166 2518 cinnamomeis
1195 2482 1402 2532 exceptis)
1431 2481 1660 2526 ochraeeo,
1693 2480 1751 2518 la-

410 2550 533 2588 mellis
562 2555 807 2604 emargiuato
825 2577 844 2583 -
861 2553 1099 2601 subliberis,
1131 2568 1178 2592 ac
1205 2555 1302 2592 loco
1332 2555 1466 2592 natali.
1523 2554 1753 2593 Innascitur

411 2627 515 2661 enim
546 2630 719 2675 muscis,
762 2630 955 2678 pinorum
993 2627 1148 2668 acubus
1187 2637 1266 2666 etc.
1297 2627 1401 2667 locis
1430 2628 1629 2681 sylvarum
1656 2641 1752 2667 ace-
