1928 3051
426 219 478 264 42

428 331 494 370 ubi
522 334 647 383 magis
676 342 815 393 sparsa
843 333 1013 374 crescit,
1046 329 1265 381 superficie
1293 332 1426 368 minus
1454 329 1674 382 inaequali,
1701 329 1762 368 ob

426 416 546 445 notas
585 416 716 442 tamen
757 404 931 455 reliquas
968 403 1100 453 probe
1149 415 1347 454 congruas
1396 403 1476 441 hstc
1522 402 1762 442 referenda:

426 492 728 530 nonnumquam
759 477 995 516 subseriata.
1055 477 1164 514 Vere
1192 480 1431 528 praesertim
1460 487 1501 515 et
1527 487 1694 516 aestate.

535 557 620 600 124.
667 553 706 588 S.
748 561 988 601 pertusa.

425 628 572 678 Sparsa
601 625 662 662 vel
693 624 962 676 subgregaria.
1031 623 1280 676 sphaerulae
1316 627 1430 662 initio
1461 634 1571 662 totae
1599 627 1763 662 immer-

425 713 492 738 sae
521 710 636 745 sunt,
676 699 825 735 ostiolis
866 708 1018 736 tantum
1049 701 1205 737 conicis
1234 698 1492 737 acutiusculis
1522 701 1764 749 prominen-

426 773 555 819 tibu53
586 782 750 824 >postea
787 776 1120 824 semiemergunt,
1169 773 1329 812 ost101is
1365 776 1499 824 primo
1539 773 1764 813 obliteratis

425 849 493 896 (ut
531 850 571 884 in
610 846 691 884 hoc
733 856 836 884 statu
880 845 1128 884 subastomac
1169 847 1403 897 videantur)
1442 847 1536 884 dein
1579 847 1764 886 deciduis

424 921 556 970 (uude
593 931 674 958 tum
712 933 898 972 pertusae
933 923 1180 972 apparent):
1231 921 1393 959 demum
1432 930 1541 959 totae
1582 934 1763 960 emersae

425 994 540 1034 facile
570 995 890 1047 confringuntur.
961 996 1009 1032 In
1045 995 1153 1048 ligno
1191 998 1304 1035 sicco
1345 995 1551 1034 indurato.
1593 995 1759 1047 Aprili,

424 1070 551 1108 Maio.

532 1144 618 1182 125.
665 1146 704 1182 S.
745 1147 1046 1196 inquinans.

786 1232 856 1270 77,
889 1218 1055 1254 Betulae

422 1291 620 1343 Simplex,
663 1291 791 1330 dense
832 1301 1064 1344 aggregata,
1104 1294 1486 1344 atro-inquinans,
1533 1291 1760 1343 sphaerulis

420 1366 584 1403 demum
613 1369 781 1404 emersis
819 1365 1049 1417 perforatis.
1104 1365 1168 1403 Ad
1202 1365 1370 1417 figuram
1405 1364 1633 1403 'fode-anam
1661 1381 1759 1418 pro—

419 1442 522 1478 xime
550 1440 728 1478 accedit:
760 1440 835 1478 sed
863 1440 985 1478 distat
1012 1443 1114 1487 situ,
1161 1440 1252 1478 velo
1280 1454 1304 1478 a
1329 1439 1448 1478 nobis
1477 1439 1617 1479 saltem
1645 1454 1762 1478 num-

422 1503 539 1565 qnam
567 1516 654 1552 viso
672 1544 680 1560 ,
714 1517 965 1560 emersione,
1006 1514 1227 1566 fragilitate.
1283 1514 1533 1566 Sphaerulae
1560 1518 1674 1553 initio
1704 1515 1759 1554 la-

420 1598 554 1626 tentes
583 1588 877 1639 epidermidem
908 1602 1048 1627 secum
1084 1589 1294 1634 attollunt,
1349 1602 1467 1641 quam
1496 1590 1590 1627 dein
1620 1589 1759 1627 ostiolo

421 1662 689 1700 crassiuseulo
733 1662 845 1699 brevi
883 1662 1081 1700 subtereti
1128 1665 1245 1713 apice
1293 1673 1464 1714 pertuso
1512 1663 1760 1715 perforatam

419 1739 598 1787 pessime
647 1739 879 1787 inquinant:
929 1736 1091 1774 tandem
1138 1747 1245 1775 totae
1293 1747 1524 1788 emergunt,
1576 1751 1757 1789 magnae,

418 1810 572 1856 laeves,
616 1810 910 1861 semiglobosae
938 1811 999 1848 ve]
1030 1811 1318 1862 ellipsoideae‚
1359 1813 1474 1862 ipsae
1503 1811 1580 1863 jam
1609 1812 1759 1852 ostiolo

420 1883 595 1922 deciduo
623 1886 741 1935 apice
763 1883 1012 1935 perforatae,
1043 1884 1224 1936 fragsses,
1255 1888 1407 1923 inanes.
1444 1885 1761 1924 >Pseudocrusta

405 1968 503 2005 ¹tum
534 1971 555 1994 e
583 1958 715 1996 massa
751 1960 994 2009 spermatica
1030 1958 1217 2010 projecta
1255 1962 1297 1996 in
1338 1969 1480 1997 centro
1511 1964 1762 2012 aggregatio-

419 2034 482 2070 nis
520 2034 616 2070 satis
656 2046 791 2070 crassa
828 2033 968 2079 adest,
1019 2033 1437 2072 substromatiformis.
1517 2035 1565 2072 In
1603 2038 1793 2075 cortice,

421 2105 581 2157 dejecto
618 2109 831 2158 semiputri
869 2106 1076 2152 betulino,
1118 2106 1376 2158 infrequens:
1406 2109 1542 2146 >semel
1571 2112 1691 2147 etiam
1719 2113 1761 2147 in

421 2179 554 2217 Salice
582 2179 699 2227 alba,
741 2181 809 2219 ubi
837 2194 980 2232 parum
1008 2184 1218 2233 inquinare
1245 2184 1330 2220 visa
1357 2181 1451 2231 fuit,
1491 2182 1653 2222 obviam
1679 2197 1758 2222 no-

420 2253 482 2293 bis
510 2254 627 2293 facta.
685 2256 796 2293 Vere
825 2265 867 2293 et
893 2264 1061 2294 aestate.

529 2329 616 2378 1:36.
663 2330 703 2368 S.
747 2329 936 2368 Tiliae.

788 2419 828 2451 a,
861 2403 986 2440 latens

787 2477 833 2526 β,
866 2479 1081 2515 constricta

421 2549 670 2602 Sphaerulae
712 2565 905 2604 magnae,
963 2563 1073 2590 extra
1116 2555 1267 2604 vigoris
1324 2562 1487 2603 tempus
1539 2552 1754 2605 collapsae.

417 2624 593 2663 Abunde
641 2626 783 2664 incolit
825 2637 994 2678 utraque
1046 2626 1191 2673 Titias,
1249 2626 1474 2671 Fraxinus,
1531 2626 1670 2666 forsan
1718 2638 1758 2666 et

417 2698 511 2736 alias
549 2699 744 2746 arbores;
794 2699 869 2739 sed
906 2704 947 2737 in
985 2701 1149 2739 latebris
1198 2704 1280 2740 suis
1320 2703 1557 2753 saepissime
1595 2701 1759 2754 negligi-
