1928 3051
1055 187 1077 203 t
1473 172 1522 209 25

176 289 356 335 laevitie,
398 287 540 326 colore
569 298 682 336 atro,
720 288 1042 342 papillarumque
1079 288 1213 328 form-²1
1243 299 1323 328 etc.
1354 290 1405 328 ad
1434 293 1520 328 ico-

174 376 268 401 nem
306 363 713 416 descriptionemque
751 364 801 401 cl.
836 365 1044 401 Persoonii
1072 366 1255 416 proxime
1284 364 1516 411 accederet,

175 438 352 476 necdum
382 441 591 490 utriusque
621 438 671 475 ad
699 449 880 476 naturam
920 439 1214 490 comparandae
1244 441 1410 477 occasio
1441 451 1519 476 no·-

173 512 236 551 bis
266 513 400 550 oblata
430 523 563 560 essct,
595 511 677 551 huc
705 522 886 551 nostram
914 513 1173 560 adscribere,
1221 527 1339 565 quam
1370 526 1517 550 novam

172 601 457 639 praepropere
501 590 685 639 speciem
742 587 988 635 admittere,
1046 587 1272 627 consultius
1318 588 1516 626 duximus.

171 661 241 700 Bis
270 662 373 700 lecta
402 660 498 699 Fuit:
545 661 800 713 frequentior
835 665 876 699 in
913 662 1076 700 ramulis
1115 663 1208 699 Pini
1243 664 1383 715 piceae
1412 663 1517 712 (Eu-

173 736 389 787 lenu·ald).·
427 739 589 787 parcior
624 739 666 773 in
695 735 807 773 Ledo
846 733 1112 792 (Quizdm-f).
1171 737 1398 775 Gelatinam
1429 750 1518 776 cac·

173 813 270 848 siam
299 810 545 861 promebant
574 810 721 848 ostiola
748 811 872 847 Maio.

275 884 340 935 76.
386 886 428 921 S.
467 884 899 936 appendiculata.

175 958 396 1011 Caespituli
439 954 504 1011 1]ss
537 960 746 997 linearum.
823 959 989 997 Stroma
1029 961 1125 998 satis
1165 973 1345 998 crassum
1382 959 1518 998 ftxsce-

172 1043 313 1072 scente
331 1056 349 1063 -
369 1037 602 1080 cinereum,
649 1034 890 1087 plerumque
927 1035 1303 1086 appendiculatum.
1363 1035 1516 1086 Sphae-

173 1107 283 1144 rulae
316 1111 453 1160 nigrae
494 1108 687 1146 tantillum
726 1108 965 1148 Fuscescunt
1003 1120 1070 1148 aut
1109 1110 1284 1148 obscure
1313 1123 1517 1161 purpura-

171 1191 313 1229 scunt,
344 1183 439 1221 aliae
469 1186 722 1222 semivacuae
739 1213 748 1231 ‚
779 1184 876 1222 aliae
907 1185 1000 1223 cera
1027 1183 1294 1236 nigro-fusca
1315 1194 1425 1222 totae
1445 1183 1517 1222 far-

170 1267 275 1295 ctae.
337 1257 494 1295 Ostiola
530 1258 719 1309 papillata
758 1258 982 1298 subconica
1020 1259 1225 1298 distincta.
1309 1258 1357 1297 In
1385 1273 1516 1297 ramu-

170 1331 216 1370 lis
246 1334 367 1371 siccis
402 1331 507 1370 Ulmi
535 1334 788 1385 campestri5‚
820 1336 1029 1385 copiosius
1060 1332 1171 1372 Hibis
1201 1332 1325 1371 rubri.
1380 1334 1513 1372 Autu-

169 1419 266 1445 mno
284 1437 293 1455 ,
324 1420 434 1446 vere.

611 1533 655 1585 b)
710 1533 1076 1572 Ascomae.

269 1644 335 1683 77.
383 1632 422 1670 S.
464 1631 811 1682 Aucupariae.

532 1720 573 1752 α,
605 1704 724 1744 Sor-ln·

531 1779 611 1830 ββ,
646 1779 785 1819 Gerasi

163 1856 229 1894 De
275 1857 415 1907 specie
461 1857 680 1893 etiamnum
725 1856 988 1907 aenigmatica
1036 1870 1129 1895 cum
1168 1856 1345 1910 Synopsi
1392 1857 1509 1896 mccli.

156 1927 279 1985 sung.
320 1945 363 1982 p.
395 1930 459 1969 51.
491 1931 555 1969 52.
595 1943 768 1982 prorsus
805 1934 1014 1969 sentimus.
1084 1930 1336 1983 Sphaerulae
1363 1934 1404 1970 in
1433 1946 1510 1970 no—

163 2008 258 2044 stris
286 2019 448 2063 quoque
479 2015 628 2044 teretes
658 2005 768 2052 fere,
800 2008 911 2043 iconi
944 2005 1156 2043 Todeanae
1183 2021 1327 2058 parum
1353 2020 1510 2046 conso-

163 2092 237 2118 nae
253 2110 261 2126 ,
292 2093 371 2118 nec
400 2080 786 2132 plano-lamellatae
810 2090 906 2132 apte
929 2081 1154 2120 dicendae:
1187 2091 1369 2120 ceterum
1390 2082 1510 2120 binae

163 2163 351 2193 ternaeve
379 2155 575 2194 deorsum
604 2169 727 2207 saepe
758 2166 968 2194 connatae.
1037 2171 1076 2202 α,
1108 2155 1238 2208 major
1275 2166 1360 2202 est,
1410 2156 1507 2194 sub-

161 2229 358 2275 rotunda,
390 2233 430 2267 in
461 2228 588 2268 Sor-bo
618 2231 812 2282 frequens
841 2240 1036 2268 autumno
1067 2240 1108 2268 et
1126 2233 1367 2281 praesertim
1390 2244 1508 2268 vere:

161 2302 243 2352 ββ,
276 2303 402 2355 duplo
432 2305 515 2342 fere
537 2307 685 2351 minor,
717 2304 1070 2356 ovato—oblonga,
1102 2307 1360 2343 transversim
1385 2318 1514 2342 erum-

162 2391 292 2429 pens,
343 2379 569 2430 sphaerulis
606 2378 947 2430 simplicioribus,
1000 2381 1128 2417 rarius
1172 2392 1248 2430 per
1285 2381 1395 2430 paria
1427 2378 1509 2416 basi

163 2454 331 2492 coalitis.
398 2455 517 2492 Hanc
552 2456 593 2490 in
636 2453 783 2491 Ceraso
820 2453 1035 2505 aliquoties
1076 2441 1322 2492 offendimus
1360 2453 1508 2501 (Mon-

160 2528 327 2580 plaisir)
356 2529 484 2566 Maio.

266 2603 330 2655 78.
378 2605 418 2641 S.
459 2602 786 2642 Berberidis.

164 2676 392 2716 Subiculum
420 2678 719 2717 subcuticulare
749 2688 894 2726 tenue,
932 2675 1293 2716 terreo-fuscum.
1353 2675 1506 2727 Sphae-

1429 2774 1452 2816 »ἰ
