1928 3051
401 211 470 248 152.

660 300 1465 356 nconTlNA‘RIAt.

805 419 849 468 a)
908 414 1319 455 Violaceae.

497 537 584 588 428.
629 537 680 574 A.
725 535 769 574 C.
808 534 958 573 nuda.

760 624 801 655 α,
831 608 1030 662 sylvatica

759 682 838 732 ββ,
869 681 1074 734 praticola

397 759 610 812 Gregaria,
651 761 730 796 imo
759 758 1093 808 subcaespitosa,
1127 769 1218 794 mox
1246 758 1467 804 circinans,
1509 769 1603 795 mox
1629 759 1738 796 varie

397 837 541 872 seriata
578 843 654 871 etc.
694 835 830 884 pineta
868 842 1007 869 nostra
1044 830 1138 869 hinc
1176 831 1271 869 inde
1308 831 1450 869 incolit
1487 845 1528 877 α,
1558 833 1736 869 autumni

396 920 534 946 amans
574 907 782 952 tardioris,
833 919 910 943 una
951 919 1042 943 cum
1083 905 1257 943 Octobri
1297 905 1556 957 utplurimum
1584 918 1736 957 prove-

396 985 538 1028 niens,
569 981 675 1018 haud
704 994 805 1018 rara.
859 981 955 1017 Yar.
986 978 1065 1027 ββ,
1095 979 1223 1016 multo
1247 982 1405 1027 minor,
1436 990 1597 1025 tenera,
1628 979 1738 1030 pileo

398 1055 629 1094 semunciali
668 1054 837 1106 pulchre
874 1055 1053 1092 violaceo
1072 1052 1391 1100 -fuscescente‚
1431 1057 1610 1106 margine
1639 1052 1737 1091 sub-

397 1133 537 1168 striato
556 1160 564 1175 ,
605 1131 743 1179 stipite
772 1128 871 1166 laevi
900 1128 1013 1165 brevi
1042 1129 1127 1177 (vix
1155 1128 1325 1177 unciali)
1357 1127 1603 1173 concolores,
1646 1139 1738 1165 cae-

397 1206 554 1254 spitosa
592 1202 717 1240 semel
754 1201 866 1240 bisve
894 1205 935 1239 in
963 1212 1082 1252 prato
1123 1201 1291 1238 humido
1330 1201 1492 1250 (Wiese
1521 1199 1587 1237 des
1619 1200 1736 1239 Gasc-

397 1273 531 1332 hoscs)
571 1278 730 1313 inventa
768 1275 856 1313 fuit.
925 1277 1033 1312 Num
1072 1273 1179 1312 forte
1206 1274 1258 1311 ad
1287 1274 1587 1326 Gymnopodas
1614 1274 1736 1313 viola-

398 1364 493 1388 ceos
533 1349 806 1387 amandanda?
864 1349 1009 1386 Hocce
1047 1358 1159 1386 certe
1197 1348 1319 1395 loco,
1368 1362 1491 1400 quein
1537 1351 1738 1399 tantisper

394 1424 474 1476 jam
504 1433 704 1475 occupat,
744 1435 916 1474 prorsus
944 1422 1194 1460 removenda
1223 1425 1323 1469 erit,
1361 1425 1396 1460 si
1425 1422 1574 1473 (prout
1600 1424 1737 1473 suspi-

398 1500 562 1548 camur)
591 1497 899 1547 leucospermam
927 1509 1019 1535 sese
1049 1509 1139 1534 esse
1168 1496 1274 1535 ultro
1306 1494 1622 1535 confirmaverit.
1663 1496 1736 1535 Se-

397 1575 571 1610 rotinam
600 1571 812 1609 habuimus
846 1580 1015 1609 exeunte
1047 1569 1238 1609 Octobri.

501 1651 591 1697 429.
639 1645 689 1683 A.
733 1645 781 1683 C.
822 1645 1124 1696 hercynica.

398 1721 561 1771 Fungus
590 1722 770 1756 omnium
800 1719 1122 1770 pulcherrimus,
1165 1728 1273 1756 totus
1309 1727 1483 1756 saturate
1510 1717 1734 1757 violaceus:

399 1795 544 1846 stipitis
585 1793 699 1831 color
736 1792 942 1831 sordidior
980 1791 1166 1844 quidem,
1213 1792 1286 1842 sed
1323 1806 1451 1844 aeque
1490 1791 1735 1843 profundus.

401 1866 546 1906 Bulbus
581 1867 824 1913 subovatus,
863 1879 1170 1918 nonnumquam
1206 1869 1390 1917 insignis.
1451 1865 1620 1904 Cor-tina
1648 1869 1739 1918 ipsa

399 1942 570 1993 pallida,
602 1941 675 1980 sed
704 1941 869 1992 pulvere
898 1941 1077 1979 seminali
1105 1940 1334 1992 ferrugineo
1362 1940 1622 1991 utplurimum
1651 1950 1740 1978 tota

401 2016 526 2054 dense
557 2016 734 2054 obtecta.
791 2015 840 2052 In
867 2014 1184 2053 umbrosissimis
1221 2014 1481 2052 humentibus
1513 2017 1618 2051 inter
1644 2013 1738 2052 folia

400 2088 559 2141 dejecta
597 2092 833 2140 semiputria
867 2089 1020 2140 aliquot
1055 2089 1158 2128 locis
1192 2087 1426 2138 (Moholzer
1455 2087 1609 2131 made,-
1651 2088 1735 2126 Κίλ-

401 2164 649 2214 chenwiese).
707 2164 821 2214 Sept.
855 2164 951 2201 Oct.

502 2236 590 2287 430,
633 2237 681 2273 A.
720 2238 769 2275 C.
810 2237 1343 2275 violaceo-cinerea.

400 2313 446 2349 ln
481 2313 771 2350 recentissimis
807 2314 927 2349 etiam
963 2311 1157 2362 exemplis
1195 2313 1302 2349 varie
1340 2309 1442 2348 ludit
1481 2310 1598 2349 color
1633 2313 1738 2348 inter

399 2387 623 2424 xiolaeeum
653 2395 694 2422 et
720 2385 963 2423 uinbrinum.
1023 2385 1153 2422 Pileus
1189 2387 1428 2436 praesertim
1457 2387 1566 2425 circa
1592 2387 1737 2436 margi-

401 2473 493 2495 nem
524 2462 689 2497 cinereo
707 2481 726 2488 -
746 2460 1043 2510 squamulosus.
1103 2460 1295 2498 Occurrit
1321 2462 1363 2497 in
1391 2459 1591 2511 sylvaticis
1619 2461 1736 2497 variis

402 2531 496 2570 hinc
524 2533 629 2570 inde.
685 2534 763 2570 Per
793 2543 918 2571 totum
948 2543 1195 2571 antummum.
1221 2566 1223 2568 .
