1928 3051
743 184 976 192 mm
1457 173 1472 199 1
1479 172 1529 199 00

625 223 671 245 q⁵⁶·-

185 282 292 320 etior
330 279 559 331 (difficilius
600 279 855 332 difflabilis),
897 278 1181 333 capillamento
1220 281 1305 319 laxo
1338 283 1527 320 intertex-

184 364 272 401 tus,
304 358 346 393 in
372 356 563 395 volumen
591 367 808 394 commune
839 354 1009 394 coalitus
1039 366 1125 403 est,
1158 355 1272 408 cujus
1297 353 1529 411 superficies

184 429 424 482 glaberrima
450 430 594 469 lucens
631 431 754 481 supra
791 429 997 468 colliculos
1042 430 1418 482 hemisphaericos,
1463 433 1530 483 qui

185 514 281 543 sunt
320 505 601 556 capillitiorum
639 504 886 556 singulorum
918 504 1073 557 apice-v,
1119 504 1356 556 regulariter
1385 504 1529 557 dispo-

187 581 288 618 sitos
318 579 511 617 ostendit.
574 579 746 616 Minime
782 578 1016 630 infrequens
1048 579 1192 615 Pinum
1222 588 1426 617 mortuam
1456 579 1530 617 de-

187 656 425 691 corticatam
443 683 451 699 ,
492 666 571 691 nec
599 652 713 689 aliam
742 652 939 690 hactenus
967 652 1182 699 arborem,
1219 663 1413 693 constans
1443 654 1529 707 Ly-

187 726 409 777 cogalactis
438 728 519 764 atri
549 739 715 773 comes,
746 729 898 778 passim
927 725 1081 763 incolit.
1111 747 1165 755 —-
1201 728 1334 775 Vere,
1366 737 1529 767 aestate.

552 851 601 903 b)
659 850 1164 889 Rotunclatae.

293 948 382 1001 287.
429 950 466 986 S.
505 941 787 1000 papillata.

189 1022 322 1076 Stipes
348 1027 391 1061 in
417 1026 573 1062 nostris
610 1024 939 1061 constantissime
975 1022 1135 1071 brevis,
1175 1023 1340 1075 capituli
1379 1023 1532 1063 diamo-

188 1107 251 1136 tro
279 1111 423 1150 parum
451 1098 636 1150 longior,
666 1097 833 1145 firmus,
876 1100 1065 1136 strictus:
1106 1101 1297 1149 superior
1314 1096 1412 1150 'ejus
1437 1111 1533 1150 pars

187 1175 292 1210 intra
322 1172 558 1224 capillitium
595 1173 762 1211 densius
796 1175 849 1210 ita
879 1172 1102 1219 occultata,
1142 1182 1187 1210 ut
1215 1176 1430 1225 transspici
1458 1187 1532 1213 ne-

189 1257 324 1299 queat.
383 1246 590 1285 Peridium
616 1246 796 1299 fugacius
827 1247 989 1299 quidem
1006 1277 1015 1295 ,
1048 1260 1166 1299 quam
1194 1257 1239 1284 ut
1266 1261 1442 1301 unquam
1471 1251 1532 1286 in-

189 1331 346 1373 tegrum
383 1322 610 1360 lacerumve
650 1321 963 1373 deprehendere
1011 1324 1292 1373 potuerimus,
1340 1323 1533 1375 reliquiae

190 1406 325 1435 tamen
352 1397 570 1434 minutulae
611 1398 719 1434 circa
755 1396 945 1447 papillam
978 1396 1164 1434 residuae
1194 1396 1244 1433 de
1275 1397 1417 1435 colore
1446 1396 1533 1450 eJ'us

188 1481 383 1523 argenteo
401 1493 420 1500 -
441 1474 605 1509 cinereo
637 1473 844 1509 certiores.
873 1484 951 1508 nos
982 1469 1132 1509 fecere.
1192 1471 1379 1510 Cortices
1408 1471 1532 1524 ligna-

189 1559 267 1597 que
298 1546 390 1583 Pini
418 1555 486 1583 aut
512 1543 669 1581 Abiecis
698 1555 824 1593 amat,
871 1547 912 1582 in
943 1544 1088 1596 quibus
1125 1545 1222 1583 hinc
1261 1545 1356 1583 inde
1385 1559 1533 1584 occur-

187 1622 240 1657 rit
266 1629 419 1659 aestate
449 1629 490 1657 et
516 1629 721 1657 autumno.

293 1693 384 1733 288.
431 1696 471 1733 S.
513 1693 876 1746 physaroides
913 1706 1086 1732 noms.

191 1767 232 1807 S.
264 1765 496 1825 atrofzcscct,
535 1768 691 1821 pericllo
730 1769 963 1821 persistente
994 1768 1100 1805 tenui
1130 1767 1285 1806 demum
1315 1768 1447 1806 lacero
1478 1771 1535 1806 ci-

192 1854 549 1894 nereo-argenteo
579 1842 828 1896 splendente,
868 1842 1063 1894 capillitio
1101 1842 1265 1894 globoso
1303 1842 1535 1895 subcompa·

191 1929 276 1964 cto,
308 1917 471 1971 styliclio
504 1919 844 1970 semipenetrante.

293 1994 463 2045 Species
483 1996 590 2031 inter
616 1993 933 2045 praecedentem
965 2002 1285 2045 sequentemque
1313 1993 1446 2031 media
1475 1995 1536 2030 in-

192 2068 390 2115 tercedit,
424 2082 515 2106 cum
536 2069 678 2106 neutra
701 2067 998 2121 conjungenda.
1046 2066 1196 2105 Differt
1222 2067 1270 2104 ab
1302 2066 1369 2103 illst
1399 2069 1536 2118 stipite

190 2141 374 2193 longiore
404 2142 554 2181 laxiore
582 2145 747 2181 nonnisi
775 2142 824 2179 ad
863 2151 1049 2180 centrum
1078 2140 1163 2179 fere
1193 2141 1357 2192 capituli
1386 2143 1536 2178 intran-

192 2225 257 2254 te:
288 2216 338 2253 ab
369 2216 443 2252 Ιιᾶε
473 2217 662 2268 capillitio
694 2217 879 2268 perfecte
909 2217 1086 2268 globoso
1117 2218 1419 2267 compactiore,
1451 2225 1537 2267 sty-

191 2289 274 2328 lidii
310 2293 493 2341 apicem,
535 2293 692 2330 etiamsi
720 2292 800 2329 luci
838 2291 1097 2337 obvertatur,
1142 2290 1297 2329 celante
1324 2312 1377 2318 —
1404 2303 1534 2341 porro

193 2374 233 2401 et
270 2365 417 2415 peridii
454 2365 622 2404 colore:
670 2365 720 2403 ab
757 2365 925 2420 acl-tique
959 2364 1120 2417 peridio
1159 2364 1227 2402 diu
1271 2366 1532 2415 persistente,

191 2441 234 2476 in
261 2439 429 2491 Physari
457 2442 640 2491 speciem
670 2439 874 2492 fungillum
907 2450 1094 2478 nostrum
1122 2442 1335 2478 vestiente.
1392 2440 1536 2478 Tenue

193 2522 255 2551 est
283 2512 386 2558 hoc,
420 2523 628 2562 tenerum,
670 2515 892 2566 splendore
921 2525 1112 2567 argenteo
1143 2517 1321 2561 micans,
1365 2523 1534 2566 argento

192 2587 387 2639 opiticum
435 2589 624 2627 lamellari
675 2591 989 2638 incrustatorio,
1040 2589 1153 2642 quod
1202 2587 1536 2627 δίίόενόὶᾱῑῑεῆεη

195 2672 363 2710 vocant,
402 2663 724 2717 aequiparabile-3
764 2665 942 2705 lacerum
981 2664 1145 2704 demum
1181 2662 1381 2703 frustatim
1409 2666 1531 2716 perit,

1559 1695 1640 1727 Tab.
1668 1696 1713 1725 Π.
