1928 3051
1454 159 1523 197 155

286 296 390 322 ons.
423 296 460 322 2.
517 281 668 321 Tribus
705 281 861 328 verbis,
899 283 1136 333 priusquam
1166 279 1524 333 Gymnospermos

180 357 414 410 epipltyllos
441 357 519 409 jam
548 357 758 395 absolutos
785 356 1126 408 retrolinquamus
1143 385 1153 402 ‚
1192 357 1414 393 memoriae
1444 363 1524 391 tra-

181 431 314 469 denda
343 441 406 470 est
434 434 681 482 pertinacia,
723 431 801 482 quai
838 429 990 481 l'ungilli
1026 432 1093 468 isti
1132 439 1370 481 pratorum,
1409 440 1526 480 agro—

179 519 291 551 rum,
332 506 530 557 sylvarum
571 515 651 543 etc.
682 505 773 542 loca
802 513 913 542 certa
941 504 1115 550 selecta,
1159 505 1374 555 quotannis
1403 502 1526 540 redu-

181 593 250 619 ces
282 589 322 618 et
350 580 518 617 herbam
549 583 719 632 quisque
749 592 861 617 suam
891 580 1238 623 contaminantes,
1279 577 1444 628 reliquis
1473 580 1526 614 ita

180 664 428 706 praeoptare
459 644 617 700 solent,
655 663 700 690 ut
728 665 911 690 caussam
950 651 1283 702 praedilectionis
1312 651 1416 688 adeo
1447 651 1525 688 ob-

180 731 374 773 stinatae,
406 741 529 777 saepe
557 740 635 764 nec
663 729 704 764 in
734 726 873 764 umbra
901 728 1098 776 apricove
1128 725 1234 771 sole,
1274 738 1352 763 nec
1381 728 1420 761 in
1448 725 1523 763 hu—

178 815 294 839 more
323 801 386 839 vel
415 802 598 840 siccitate
628 810 708 839 etc.
740 802 940 852 positam,
972 799 1162 837 hariolari
1188 798 1416 838 nullatenus
1444 813 1523 851 po-

180 878 386 915 tuerimus.

438 1000 503 1039 55.
557 998 1259 1038 TRICHODERMA.

282 1097 374 1136 583.
420 1100 468 1136 T.
505 1112 734 1136 roseum.

177 1172 380 1210 Increscit
425 1176 588 1224 species
639 1171 810 1224 pulchra
855 1171 972 1223 lignis
1011 1173 1128 1209 variis
1174 1170 1520 1222 putrescentibus,

179 1249 336 1284 cortice
365 1250 606 1298 praesertim
635 1247 718 1285 laxe
747 1246 986 1283 inhaerente
1017 1245 1218 1291 obtectis,
1261 1245 1369 1283 haud
1397 1244 1523 1284 infre—

179 1334 308 1372 quens
336 1320 435 1359 hine
462 1322 577 1360 inde:
619 1321 816 1374 Populum
846 1320 1054 1357 tremulam
1081 1320 1337 1372 Altzumque,
1369 1323 1410 1357 in
1438 1323 1524 1373 qui-

178 1395 255 1433 bus
284 1396 500 1434 laetissime
529 1399 663 1448 vigere
684 1396 810 1442 solet,
842 1409 1076 1446 praeamare
1098 1395 1271 1433 videtur.
1312 1395 1520 1432 Autumno

178 1473 360 1508 serotino
388 1480 429 1508 et
455 1470 604 1523 hyeme
633 1472 789 1509 leniore
818 1474 937 1508 etiam
965 1472 1150 1509 inventa:
1196 1469 1269 1509 sed
1298 1469 1523 1521 perfectior

175 1544 346 1591 Martio,
379 1545 523 1595 Aprili.

280 1617 371 1668 384.
417 1620 468 1656 T.
511 1619 698 1658 viride.

173 1692 223 1731 In
251 1702 381 1730 aetate
410 1692 578 1731 infantili
607 1696 788 1744 positum
819 1695 1002 1745 exiguum
1019 1702 1103 1740 est,
1135 1693 1377 1744 globosum,
1410 1708 1522 1732 com-

174 1777 366 1818 pactum,
409 1778 522 1806 extus
559 1771 749 1820 intusque
788 1769 978 1806 unicolor
1018 1768 1255 1815 candidum,
1305 1769 1522 1820 superficie

174 1842 386 1881 villosum:
426 1842 661 1894 Sphaeriam
699 1854 782 1880 tum
821 1846 1020 1894 temporis
1060 1844 1289 1895 simplicem
1329 1844 1522 1887 hirsutam

176 1917 375 1968 quandam
412 1920 620 1956 mentitur.
693 1917 830 1955 Adulti
871 1917 965 1954 dein
985 1914 1129 1973 forma
1166 1918 1369 1969 pulvinata
1399 1932 1521 1969 saepe

175 1990 517 2030 suborbicularis:
567 1991 762 2029 diameter
800 1995 957 2038 varius,
1010 1989 1076 2046 5]’4
1121 1993 1243 2030 lineas
1289 2002 1423 2030 tamen
1462 1995 1523 2030 vix

177 2066 405 2104 excedens:
448 2066 564 2103 villus
603 2069 828 2118 tegmineus
868 2067 1039 2105 detritus
1076 2067 1279 2118 paullatim
1317 2077 1358 2104 et
1386 2070 1522 2104 evani-

177 2139 253 2178 dus
281 2140 483 2191 pulverem
518 2140 699 2178 denudat
736 2155 867 2192 opace
904 2141 1099 2187 viridem,
1143 2141 1192 2178 ad
1222 2142 1344 2178 latera
1374 2141 1521 2180 diutius

177 2216 430 2264 persisten53
482 2215 590 2252 unsle
629 2225 741 2252 totus
780 2214 857 2266 jam
895 2215 1083 2266 fungillus
1132 2214 1267 2252 obiter
1310 2218 1521 2266 inspectus

176 2287 355 2325 aviculae
395 2287 604 2339 cujusdam
651 2299 911 2327 excremento
961 2288 1069 2325 haud
1104 2288 1295 2327 absimilis
1340 2300 1521 2340 apparet.

176 2362 389 2413 Frequens
430 2372 618 2413 tempore
656 2363 851 2400 humente
888 2362 1179 2414 rejectamenta
1215 2366 1343 2410 varia,
1395 2367 1523 2415 stipu-

176 2436 257 2482 las,
297 2436 499 2482 ramulos,
539 2436 635 2474 folia
674 2447 755 2475 etc.
793 2440 877 2475 imo
919 2447 1076 2476 stercus
1116 2441 1328 2476 vaccinum
1355 2438 1519 2476 incolit:

176 2520 390 2557 autumno,
422 2510 584 2563 hyeme.

281 2584 370 2623 535.
415 2587 466 2623 Τ.
507 2599 741 2624 aureum.

182 2657 304 2696 l'illus
332 2658 488 2699 albidus
516 2659 737 2699 flavidusve
768 2670 906 2707 tener,
938 2661 1045 2699 circa
1065 2664 1285 2713 marginem
1306 2674 1384 2713 pro
1404 2674 1521 2713 gene-
