1928 3051
1454 169 1524 207 107

145 286 149 289 ’
185 283 349 313 naturae
377 286 563 327 aggruam
593 283 829 314 constanter
856 277 1081 321 inventam,
1112 287 1248 326 prono
1268 274 1376 326 pede
1407 273 1523 313 abea-

185 362 288 388 mus.
357 349 417 387 Ita
446 349 736 403 Dictydiorum
775 349 975 401 peridiiun
1016 348 1407 400 pellucentissimum
1435 351 1524 401 qui—

185 422 278 461 dem
317 433 358 463 at
384 425 584 475 integrum
622 433 836 476 totumque
874 423 1075 470 clausum,
1127 436 1206 460 nec
1241 426 1318 462 nisi
1345 423 1524 475 pulveris

183 497 464 548 profundendi
502 499 643 536 caussa
681 498 864 535 anomale
908 497 1055 536 deinde
1103 506 1292 549 ruptum,
1342 511 1376 536 v.
1406 511 1443 550 g.
1485 500 1527 536 in

188 570 232 608 C.
265 571 411 608 ceruus}
450 572 594 610 oculos
634 572 794 610 modice
843 581 1036 619 armatos,
1087 575 1169 609 imo
1208 571 1340 610 nudos
1376 585 1522 623 paene,

182 643 291 683 haud
321 645 539 683 difficulter
568 645 697 683 subit:
728 648 779 683 ita
810 649 851 682 in
884 644 1103 682 Cribrariis
1130 645 1288 683 reticuli
1315 659 1336 682 a
1365 645 1524 696 peridio

184 718 298 756 liberi
327 732 457 769 eoque
486 720 631 758 inclusi
658 720 712 756 nil
742 732 931 770 umquam
962 721 1193 770 conspicari
1222 715 1334 756 lieuit
1362 729 1401 756 et
1423 732 1455 757 5.
1479 734 1523 771 p.

183 791 319 842 Quare
358 801 574 843 utrumque
611 805 740 844 porro
788 805 914 844 genus
951 791 1291 843 Gymnospermis
1328 793 1525 831 adnume-

181 865 352 903 randum
390 869 527 917 potius
568 879 684 912 esse,
736 879 826 904 cum
867 869 955 903 viro
992 866 1043 904 de
1080 865 1253 917 fungillis
1289 865 1402 904 hisce
1440 865 1526 904 illu-

181 939 358 978 strandis
387 941 594 990 praeclare
622 942 768 978 merito
798 953 966 991 prorsus
999 942 1291 978 consentimus.

284 1026 386 1052 ons.
420 1028 453 1051 2.
508 1015 575 1052 De
613 1027 809 1066 generum
848 1023 947 1052 octo
977 1013 1060 1051 fere
1089 1023 1393 1065 postremorum
1422 1024 1526 1052 tem-

180 1100 285 1140 pore
325 1088 444 1126 natali
489 1097 641 1135 restat,
680 1098 725 1125 ut
758 1090 800 1125 in
835 1090 1067 1126 universum
1104 1101 1362 1134 moneamus,
1414 1087 1526 1140 quod

181 1161 379 1213 sigillatim
408 1161 486 1213 jam
515 1176 810 1213 saepenumero
838 1162 1099 1200 indicandum
1135 1161 1232 1200 fuit:
1272 1165 1433 1213 species
1465 1164 1525 1199 vi-

181 1235 330 1274 delicet
344 1265 352 1281 ,
389 1236 556 1273 Trichiis
584 1239 765 1287 exceptis
782 1264 791 1282 ,
822 1236 1071 1288 reliquorum
1093 1245 1134 1274 et
1155 1238 1341 1288 apprime
1361 1236 1524 1288 quidem

181 1307 456 1355 Didermacis‚
489 1310 690 1363 Physari,
722 1309 935 1363 Dictydzi‚
970 1309 1205 1348 Cribrariae
1222 1323 1415 1362 generum
1438 1311 1524 1361 ple-

180 1396 340 1435 rasque,
372 1385 680 1435 atmosphaerae
710 1397 802 1422 cum
824 1384 959 1422 calore
984 1384 1190 1423 humentis
1217 1387 1522 1432 amantissimas,

179 1467 375 1496 aestatem
404 1458 579 1509 pluviam
608 1461 649 1495 in
677 1461 832 1497 nostris
863 1469 974 1496 certe
1003 1458 1238 1510 regionibus
1262 1458 1383 1510 longe
1403 1471 1523 1509 prae-

179 1529 286 1568 Ferre
314 1541 535 1578 autumno,
567 1545 615 1570 ac
644 1532 762 1579 inde,
805 1533 885 1569 vit&
917 1532 1093 1570 aestivali
1122 1533 1222 1570 laete
1250 1536 1523 1584 gregatimque

178 1606 371 1656 peracta,
403 1606 531 1643 multo
561 1609 773 1657 parciores
802 1616 956 1645 tantum
983 1608 1196 1658 minusque
1224 1606 1429 1658 perfectas
1458 1620 1523 1645 se·

178 1681 284 1717 tiore
311 1681 404 1717 anni
432 1688 620 1732 tempore
648 1680 807 1719 adesse.

555 1900 1152 1938 FAMILIAII.

396 2027 1306 2060 GYMNOSPERMI.

648 2249 711 2286 27.
768 2236 1052 2276 LICEA.

282 2341 374 2381 300.
420 2343 464 2381 L.
500 2342 728 2381 bicolor.

545 2432 585 2463 α,
618 2417 810 2455 εαίεἰεοῖα

541 2490 619 2540 ββ,
651 2491 849 2543 lignatilis

177 2563 244 2603 De
271 2578 355 2603 var.
388 2578 428 2612 α,
461 2563 510 2604 cf.
541 2566 599 2604 Ic.
625 2567 720 2618 pict.
752 2580 794 2618 p.
825 2565 864 2604 6.
896 2565 977 2605 tab.
1009 2565 1084 2614 ΙΙΙ,
1120 2570 1160 2617 4.
1191 2565 1229 2605 5.
1261 2565 1383 2616 (icon
1413 2568 1519 2617 opti-

178 2640 277 2688 ma).
335 2638 541 2678 Paridium
579 2641 785 2693 punctulis
822 2643 962 2692 potius
991 2655 1108 2694 quam
1136 2640 1285 2693 rugulis
1312 2639 1519 2691 adspersis
