<?xml version="1.0" encoding="UTF-8"?>
<!DOCTYPE html PUBLIC "-//W3C//DTD XHTML 1.0 Transitional//EN"
    "http://www.w3.org/TR/xhtml1/DTD/xhtml1-transitional.dtd">
<html xmlns="http://www.w3.org/1999/xhtml" xml:lang="en" lang="en">
 <head>
  <title>
</title>
<meta http-equiv="Content-Type" content="text/html;charset=utf-8" />
  <meta name='ocr-system' content='tesseract 3.04.00' />
  <meta name='ocr-capabilities' content='ocr_page ocr_carea ocr_par ocr_line ocrx_word'/>
</head>
<body>
  <div class='ocr_page' id='page_1' title='image "./conspectusfungor00albe_0405.png"; bbox 0 0 1928 3051; ppageno 0'>
   <div class='ocr_carea' id='block_1_1' title="bbox 777 205 1013 213">
    <p class='ocr_par' dir='ltr' id='par_1_1' title="bbox 777 205 1013 213">
     <span class='ocr_line' id='line_1_1' title="bbox 777 205 1013 213; baseline 0 2838"><span class='ocrx_word' id='word_1_1' title='bbox 777 205 1013 213; x_wconf 95' lang='lat' dir='ltr'> </span> 
     </span>
    </p>
   </div>
   <div class='ocr_carea' id='block_1_2' title="bbox 583 299 1196 352">
    <p class='ocr_par' dir='ltr' id='par_1_2' title="bbox 583 299 1196 352">
     <span class='ocr_line' id='line_1_2' title="bbox 583 299 1196 352; baseline 0.002 -14"><span class='ocrx_word' id='word_1_2' title='bbox 583 313 648 352; x_wconf 89' lang='lat'>70.</span> <span class='ocrx_word' id='word_1_3' title='bbox 707 299 1196 340; x_wconf 76' lang='lat' dir='ltr'>HIMANTIA.</span> 
     </span>
    </p>
   </div>
   <div class='ocr_carea' id='block_1_3' title="bbox 201 397 1564 1267">
    <p class='ocr_par' dir='ltr' id='par_1_3' title="bbox 201 397 1564 1267">
     <span class='ocr_line' id='line_1_3' title="bbox 324 397 889 448; baseline 0.002 -14"><span class='ocrx_word' id='word_1_4' title='bbox 324 410 437 435; x_wconf 84' lang='lat'>1120.</span> <span class='ocrx_word' id='word_1_5' title='bbox 487 397 540 435; x_wconf 89' lang='lat' dir='ltr'>H.</span> <span class='ocrx_word' id='word_1_6' title='bbox 584 397 889 448; x_wconf 83' lang='lat' dir='ltr'>sulphurea.</span> 
     </span>
     <span class='ocr_line' id='line_1_4' title="bbox 211 471 1563 525; baseline 0.002 -17"><span class='ocrx_word' id='word_1_7' title='bbox 211 471 384 522; x_wconf 86' lang='lat' dir='ltr'><strong>Species</strong></span> <span class='ocrx_word' id='word_1_8' title='bbox 431 471 583 509; x_wconf 78' lang='lat' dir='ltr'>haecce</span> <span class='ocrx_word' id='word_1_9' title='bbox 619 485 724 510; x_wconf 86' lang='lat' dir='ltr'>anne</span> <span class='ocrx_word' id='word_1_10' title='bbox 760 472 896 523; x_wconf 87' lang='lat' dir='ltr'>potius</span> <span class='ocrx_word' id='word_1_11' title='bbox 936 484 1046 509; x_wconf 83' lang='lat' dir='ltr'>mera</span> <span class='ocrx_word' id='word_1_12' title='bbox 1085 474 1136 510; x_wconf 84' lang='lat' dir='ltr'>sit</span> <span class='ocrx_word' id='word_1_13' title='bbox 1174 481 1284 511; x_wconf 77' lang='lat' dir='ltr'>aetas</span> <span class='ocrx_word' id='word_1_14' title='bbox 1322 472 1563 525; x_wconf 78' lang='lat' dir='ltr'>imperfecta</span> 
     </span>
     <span class='ocr_line' id='line_1_5' title="bbox 210 543 1564 599; baseline 0.003 -17"><span class='ocrx_word' id='word_1_15' title='bbox 210 543 348 596; x_wconf 84' lang='lat' dir='ltr'>junior</span> <span class='ocrx_word' id='word_1_16' title='bbox 380 544 549 583; x_wconf 80' lang='lat' dir='ltr'>Corticii</span> <span class='ocrx_word' id='word_1_17' title='bbox 577 545 811 598; x_wconf 76' lang='lat' dir='ltr'><em>sulphurei?</em></span> <span class='ocrx_word' id='word_1_18' title='bbox 850 546 984 584; x_wconf 83' lang='lat' dir='ltr'>adhuc</span> <span class='ocrx_word' id='word_1_19' title='bbox 1018 546 1093 585; x_wconf 80' lang='lat' dir='ltr'>sub</span> <span class='ocrx_word' id='word_1_20' title='bbox 1122 545 1256 599; x_wconf 86' lang='lat' dir='ltr'>judice</span> <span class='ocrx_word' id='word_1_21' title='bbox 1283 547 1334 586; x_wconf 86' lang='lat' dir='ltr'>lis</span> <span class='ocrx_word' id='word_1_22' title='bbox 1364 557 1440 586; x_wconf 87' lang='lat' dir='ltr'>est.</span> <span class='ocrx_word' id='word_1_23' title='bbox 1497 548 1564 586; x_wconf 85' lang='lat' dir='ltr'>In-</span> 
     </span>
     <span class='ocr_line' id='line_1_6' title="bbox 209 620 1564 674; baseline 0.004 -18"><span class='ocrx_word' id='word_1_24' title='bbox 209 622 391 657; x_wconf 83' lang='lat' dir='ltr'>nascitur</span> <span class='ocrx_word' id='word_1_25' title='bbox 426 623 579 671; x_wconf 84' lang='lat' dir='ltr'>passim</span> <span class='ocrx_word' id='word_1_26' title='bbox 616 621 679 670; x_wconf 88' lang='lat' dir='ltr'>(e.</span> <span class='ocrx_word' id='word_1_27' title='bbox 710 633 748 672; x_wconf 77' lang='lat' dir='ltr'>g.</span> <span class='ocrx_word' id='word_1_28' title='bbox 791 620 999 658; x_wconf 73' lang='lat' dir='ltr'>Mokolzer</span> <span class='ocrx_word' id='word_1_29' title='bbox 1034 620 1196 672; x_wconf 74' lang='lat' dir='ltr'>Haide)</span> <span class='ocrx_word' id='word_1_30' title='bbox 1234 625 1389 660; x_wconf 79' lang='lat' dir='ltr'>truncis</span> <span class='ocrx_word' id='word_1_31' title='bbox 1427 622 1564 674; x_wconf 58' lang='lat' dir='ltr'>lignis&gt;-</span> 
     </span>
     <span class='ocr_line' id='line_1_7' title="bbox 210 693 1562 748; baseline 0.003 -18"><span class='ocrx_word' id='word_1_32' title='bbox 210 707 289 745; x_wconf 87' lang='lat' dir='ltr'>que</span> <span class='ocrx_word' id='word_1_33' title='bbox 318 693 410 732; x_wconf 87' lang='lat' dir='ltr'>udis</span> <span class='ocrx_word' id='word_1_34' title='bbox 438 694 553 732; x_wconf 84' lang='lat' dir='ltr'>humi</span> <span class='ocrx_word' id='word_1_35' title='bbox 578 693 809 747; x_wconf 83' lang='lat' dir='ltr'>jacentibus</span> <span class='ocrx_word' id='word_1_36' title='bbox 837 696 965 748; x_wconf 81' lang='lat' dir='ltr'>pineis</span> <span class='ocrx_word' id='word_1_37' title='bbox 994 705 1033 734; x_wconf 84' lang='lat' dir='ltr'>et</span> <span class='ocrx_word' id='word_1_38' title='bbox 1059 693 1262 735; x_wconf 81' lang='lat' dir='ltr'>abietinis.</span> <span class='ocrx_word' id='word_1_39' title='bbox 1319 697 1562 736; x_wconf 79' lang='lat' dir='ltr'>Praesertim</span> 
     </span>
     <span class='ocr_line' id='line_1_8' title="bbox 207 778 414 806; baseline 0 -1"><span class='ocrx_word' id='word_1_40' title='bbox 207 778 414 806; x_wconf 87' lang='lat' dir='ltr'>autumno.</span> 
     </span>
     <span class='ocr_line' id='line_1_9' title="bbox 315 843 808 883; baseline 0.004 -3"><span class='ocrx_word' id='word_1_41' title='bbox 315 855 426 880; x_wconf 87' lang='lat'>1121.</span> <span class='ocrx_word' id='word_1_42' title='bbox 472 844 525 881; x_wconf 91' lang='lat' dir='ltr'>H.</span> <span class='ocrx_word' id='word_1_43' title='bbox 568 843 808 883; x_wconf 80' lang='lat' dir='ltr'>candida.</span> 
     </span>
     <span class='ocr_line' id='line_1_10' title="bbox 574 917 824 962; baseline 0.012 -10"><span class='ocrx_word' id='word_1_44' title='bbox 574 933 614 962; x_wconf 76' lang='grc' dir='ltr'>α,</span> <span class='ocrx_word' id='word_1_45' title='bbox 647 917 824 955; x_wconf 76' lang='lat' dir='ltr'>candida</span> 
     </span>
     <span class='ocr_line' id='line_1_11' title="bbox 573 991 796 1040; baseline 0.004 -12"><span class='ocrx_word' id='word_1_46' title='bbox 573 991 620 1040; x_wconf 81' lang='grc' dir='ltr'>β,</span> <span class='ocrx_word' id='word_1_47' title='bbox 657 991 796 1029; x_wconf 74' lang='lat' dir='ltr'>albida</span> 
     </span>
     <span class='ocr_line' id='line_1_12' title="bbox 204 1065 1554 1119; baseline 0.004 -16"><span class='ocrx_word' id='word_1_48' title='bbox 204 1065 364 1104; x_wconf 82' lang='lat' dir='ltr'>Crescit</span> <span class='ocrx_word' id='word_1_49' title='bbox 402 1075 573 1119; x_wconf 84' lang='lat' dir='ltr'>utraque</span> <span class='ocrx_word' id='word_1_50' title='bbox 613 1067 765 1119; x_wconf 87' lang='lat' dir='ltr'>ubique</span> <span class='ocrx_word' id='word_1_51' title='bbox 804 1066 979 1118; x_wconf 78' lang='lat' dir='ltr'>vulgaris</span> <span class='ocrx_word' id='word_1_52' title='bbox 1008 1068 1049 1104; x_wconf 88' lang='lat' dir='ltr'>in</span> <span class='ocrx_word' id='word_1_53' title='bbox 1077 1066 1286 1105; x_wconf 83' lang='lat' dir='ltr'>umbrosis</span> <span class='ocrx_word' id='word_1_54' title='bbox 1316 1066 1554 1107; x_wconf 77' lang='lat' dir='ltr'>suffocatis:</span> 
     </span>
     <span class='ocr_line' id='line_1_13' title="bbox 204 1139 1556 1191; baseline 0.004 -14"><span class='ocrx_word' id='word_1_55' title='bbox 204 1154 244 1186; x_wconf 74' lang='lat' dir='ltr'>a,</span> <span class='ocrx_word' id='word_1_56' title='bbox 276 1140 326 1178; x_wconf 87' lang='lat' dir='ltr'>ad</span> <span class='ocrx_word' id='word_1_57' title='bbox 354 1139 446 1179; x_wconf 80' lang='lat' dir='ltr'>folia</span> <span class='ocrx_word' id='word_1_58' title='bbox 473 1151 633 1180; x_wconf 85' lang='lat' dir='ltr'>vetusta</span> <span class='ocrx_word' id='word_1_59' title='bbox 661 1142 853 1179; x_wconf 72' lang='lat' dir='ltr'>arborum</span> <span class='ocrx_word' id='word_1_60' title='bbox 883 1141 1174 1181; x_wconf 79' lang='lat' dir='ltr'>frondosarum</span> <span class='ocrx_word' id='word_1_61' title='bbox 1201 1163 1254 1171; x_wconf 93' lang='lat'>—-</span> <span class='ocrx_word' id='word_1_62' title='bbox 1275 1141 1322 1191; x_wconf 78' lang='grc' dir='ltr'>β,</span> <span class='ocrx_word' id='word_1_63' title='bbox 1347 1142 1398 1180; x_wconf 88' lang='lat' dir='ltr'>ad</span> <span class='ocrx_word' id='word_1_64' title='bbox 1418 1156 1556 1182; x_wconf 82' lang='lat' dir='ltr'>ramos</span> 
     </span>
     <span class='ocr_line' id='line_1_14' title="bbox 201 1214 1025 1267; baseline 0.004 -16"><span class='ocrx_word' id='word_1_65' title='bbox 201 1214 315 1252; x_wconf 82' lang='lat' dir='ltr'>humi</span> <span class='ocrx_word' id='word_1_66' title='bbox 343 1215 537 1267; x_wconf 83' lang='lat' dir='ltr'>jacentes.</span> <span class='ocrx_word' id='word_1_67' title='bbox 596 1217 675 1254; x_wconf 89' lang='lat' dir='ltr'>Per</span> <span class='ocrx_word' id='word_1_68' title='bbox 705 1226 835 1254; x_wconf 82' lang='lat' dir='ltr'>totum</span> <span class='ocrx_word' id='word_1_69' title='bbox 863 1230 1025 1255; x_wconf 83' lang='lat' dir='ltr'>annum.</span> 
     </span>
    </p>
   </div>
   <div class='ocr_carea' id='block_1_4' title="bbox 199 1290 1552 1418">
    <p class='ocr_par' dir='ltr' id='par_1_4' title="bbox 199 1290 1552 1418">
     <span class='ocr_line' id='line_1_15' title="bbox 310 1290 817 1329; baseline 0.002 -2"><span class='ocrx_word' id='word_1_70' title='bbox 310 1303 422 1328; x_wconf 83' lang='lat'><strong>1122.</strong></span> <span class='ocrx_word' id='word_1_71' title='bbox 471 1291 524 1328; x_wconf 92' lang='lat' dir='ltr'>H.</span> <span class='ocrx_word' id='word_1_72' title='bbox 565 1290 817 1329; x_wconf 80' lang='lat' dir='ltr'>umbrina.</span> 
     </span>
     <span class='ocr_line' id='line_1_16' title="bbox 199 1363 1552 1418; baseline 0.003 -18"><span class='ocrx_word' id='word_1_73' title='bbox 199 1365 236 1400; x_wconf 83' lang='lat' dir='ltr'><strong>A</strong></span> <span class='ocrx_word' id='word_1_74' title='bbox 265 1363 560 1418; x_wconf 65' lang='lat' dir='ltr'>Rlzizomorphci</span> <span class='ocrx_word' id='word_1_75' title='bbox 576 1364 832 1403; x_wconf 73' lang='lat' dir='ltr'>subcorticali</span> <span class='ocrx_word' id='word_1_76' title='bbox 856 1364 1005 1404; x_wconf 79' lang='lat' dir='ltr'>affatim</span> <span class='ocrx_word' id='word_1_77' title='bbox 1031 1365 1152 1404; x_wconf 80' lang='lat' dir='ltr'>distat</span> <span class='ocrx_word' id='word_1_78' title='bbox 1170 1365 1310 1404; x_wconf 78' lang='lat' dir='ltr'>habitu</span> <span class='ocrx_word' id='word_1_79' title='bbox 1338 1379 1386 1405; x_wconf 82' lang='lat' dir='ltr'>ac</span> <span class='ocrx_word' id='word_1_80' title='bbox 1413 1379 1552 1404; x_wconf 72' lang='lat' dir='ltr'>ramo-</span> 
     </span>
    </p>
   </div>
   <div class='ocr_carea' id='block_1_5' title="bbox 181 1437 1550 2538">
    <p class='ocr_par' dir='ltr' id='par_1_5' title="bbox 181 1437 1550 2538">
     <span class='ocr_line' id='line_1_17' title="bbox 194 1437 1550 1496; baseline 0.001 -20"><span class='ocrx_word' id='word_1_81' title='bbox 194 1452 284 1476; x_wconf 87' lang='lat' dir='ltr'>rum</span> <span class='ocrx_word' id='word_1_82' title='bbox 314 1439 490 1478; x_wconf 84' lang='lat' dir='ltr'>decursu</span> <span class='ocrx_word' id='word_1_83' title='bbox 526 1454 700 1492; x_wconf 83' lang='lat' dir='ltr'>prorsus</span> <span class='ocrx_word' id='word_1_84' title='bbox 739 1439 1056 1487; x_wconf 75' lang='lat' dir='ltr'>hiinantiformi,</span> <span class='ocrx_word' id='word_1_85' title='bbox 1098 1443 1337 1488; x_wconf 79' lang='lat' dir='ltr'>teneritate,</span> <span class='ocrx_word' id='word_1_86' title='bbox 1378 1437 1550 1496; x_wconf 78' lang='lat' dir='ltr'>superfi-</span> 
     </span>
     <span class='ocr_line' id='line_1_18' title="bbox 196 1513 1549 1567; baseline 0.002 -18"><span class='ocrx_word' id='word_1_87' title='bbox 196 1514 254 1550; x_wconf 83' lang='lat' dir='ltr'>cie</span> <span class='ocrx_word' id='word_1_88' title='bbox 281 1514 461 1552; x_wconf 66' lang='lat' dir='ltr'>villosulzi</span> <span class='ocrx_word' id='word_1_89' title='bbox 479 1544 487 1560; x_wconf 93' lang='lat'>,</span> <span class='ocrx_word' id='word_1_90' title='bbox 519 1513 742 1551; x_wconf 63' lang='lat' dir='ltr'>substancia</span> <span class='ocrx_word' id='word_1_91' title='bbox 772 1514 930 1553; x_wconf 64' lang='lat' dir='ltr'>internfi</span> <span class='ocrx_word' id='word_1_92' title='bbox 963 1515 1072 1553; x_wconf 84' lang='lat' dir='ltr'>molli</span> <span class='ocrx_word' id='word_1_93' title='bbox 1102 1516 1341 1554; x_wconf 84' lang='lat' dir='ltr'>eoncolore.</span> <span class='ocrx_word' id='word_1_94' title='bbox 1399 1516 1549 1567; x_wconf 83' lang='lat' dir='ltr'>Irrepit</span> 
     </span>
     <span class='ocr_line' id='line_1_19' title="bbox 192 1588 1547 1642; baseline 0.001 -17"><span class='ocrx_word' id='word_1_95' title='bbox 192 1588 309 1640; x_wconf 84' lang='lat' dir='ltr'>lignis</span> <span class='ocrx_word' id='word_1_96' title='bbox 340 1589 508 1628; x_wconf 79' lang='lat' dir='ltr'>exoletiS</span> <span class='ocrx_word' id='word_1_97' title='bbox 539 1592 710 1628; x_wconf 84' lang='lat' dir='ltr'>vetustis</span> <span class='ocrx_word' id='word_1_98' title='bbox 745 1590 856 1627; x_wconf 84' lang='lat' dir='ltr'>humi</span> <span class='ocrx_word' id='word_1_99' title='bbox 896 1589 1148 1642; x_wconf 79' lang='lat' dir='ltr'>jacentibus,</span> <span class='ocrx_word' id='word_1_100' title='bbox 1191 1591 1434 1642; x_wconf 79' lang='lat' dir='ltr'>praesertim</span> <span class='ocrx_word' id='word_1_101' title='bbox 1463 1589 1547 1629; x_wconf 79' lang='lat' dir='ltr'>suf-</span> 
     </span>
     <span class='ocr_line' id='line_1_20' title="bbox 191 1661 1544 1717; baseline 0.002 -18"><span class='ocrx_word' id='word_1_102' title='bbox 191 1661 364 1711; x_wconf 77' lang='lat' dir='ltr'>focatis,</span> <span class='ocrx_word' id='word_1_103' title='bbox 424 1664 551 1715; x_wconf 79' lang='lat' dir='ltr'>pineis</span> <span class='ocrx_word' id='word_1_104' title='bbox 590 1674 632 1703; x_wconf 89' lang='lat' dir='ltr'>et</span> <span class='ocrx_word' id='word_1_105' title='bbox 679 1663 859 1715; x_wconf 75' lang='lat' dir='ltr'><em>abiegnis</em></span> <span class='ocrx_word' id='word_1_106' title='bbox 897 1667 1047 1717; x_wconf 81' lang='lat' dir='ltr'>passim</span> <span class='ocrx_word' id='word_1_107' title='bbox 1089 1666 1150 1714; x_wconf 89' lang='lat' dir='ltr'>(e.</span> <span class='ocrx_word' id='word_1_108' title='bbox 1192 1679 1228 1703; x_wconf 85' lang='lat' dir='ltr'>c.</span> <span class='ocrx_word' id='word_1_109' title='bbox 1273 1665 1544 1714; x_wconf 69' lang='lat' dir='ltr'>Nlonplaisz&#39;r3</span> 
     </span>
     <span class='ocr_line' id='line_1_21' title="bbox 191 1737 1542 1792; baseline 0.004 -18"><span class='ocrx_word' id='word_1_110' title='bbox 191 1737 407 1775; x_wconf 64' lang='lat' dir='ltr'>Mokolzer</span> <span class='ocrx_word' id='word_1_111' title='bbox 434 1738 621 1790; x_wconf 75' lang='lat' dir='ltr'>Haidc),</span> <span class='ocrx_word' id='word_1_112' title='bbox 653 1739 727 1778; x_wconf 87' lang='lat' dir='ltr'>sed</span> <span class='ocrx_word' id='word_1_113' title='bbox 755 1753 898 1790; x_wconf 78' lang='lat' dir='ltr'>parum</span> <span class='ocrx_word' id='word_1_114' title='bbox 921 1738 1130 1792; x_wconf 83' lang='lat' dir='ltr'><strong>frequens.</strong></span> <span class='ocrx_word' id='word_1_115' title='bbox 1169 1741 1304 1788; x_wconf 82' lang='lat' dir='ltr'>Vere,</span> <span class='ocrx_word' id='word_1_116' title='bbox 1336 1750 1542 1779; x_wconf 79' lang='lat' dir='ltr'>autumno.</span> 
     </span>
     <span class='ocr_line' id='line_1_22' title="bbox 301 1799 838 1852; baseline 0.004 -2"><span class='ocrx_word' id='word_1_117' title='bbox 301 1799 413 1851; x_wconf 66' lang='lat'>1&#39;123.</span> <span class='ocrx_word' id='word_1_118' title='bbox 461 1814 511 1850; x_wconf 88' lang='lat' dir='ltr'>H.</span> <span class='ocrx_word' id='word_1_119' title='bbox 551 1813 838 1852; x_wconf 71' lang='lat' dir='ltr'>farinacea.</span> 
     </span>
     <span class='ocr_line' id='line_1_23' title="bbox 187 1886 1541 1942; baseline 0.003 -18"><span class='ocrx_word' id='word_1_120' title='bbox 187 1886 401 1926; x_wconf 78' lang='lat' dir='ltr'>Pertinere</span> <span class='ocrx_word' id='word_1_121' title='bbox 440 1887 523 1926; x_wconf 67' lang='lat' dir='ltr'>hfic</span> <span class='ocrx_word' id='word_1_122' title='bbox 566 1888 877 1942; x_wconf 75' lang='lat' dir='ltr'>Clzordostylum</span> <span class='ocrx_word' id='word_1_123' title='bbox 915 1887 1158 1941; x_wconf 76' lang='lat' dir='ltr'>hispidulum</span> <span class='ocrx_word' id='word_1_124' title='bbox 1201 1889 1309 1926; x_wconf 81' lang='lat' dir='ltr'>Tode</span> <span class='ocrx_word' id='word_1_125' title='bbox 1338 1889 1370 1928; x_wconf 92' lang='lat' dir='ltr'>I.</span> <span class='ocrx_word' id='word_1_126' title='bbox 1401 1904 1444 1941; x_wconf 88' lang='lat' dir='ltr'>p.</span> <span class='ocrx_word' id='word_1_127' title='bbox 1475 1888 1541 1941; x_wconf 74' lang='grc'>59.</span> 
     </span>
     <span class='ocr_line' id='line_1_24' title="bbox 187 1961 1543 2015; baseline 0.001 -17"><span class='ocrx_word' id='word_1_128' title='bbox 187 1961 268 1999; x_wconf 81' lang='lat' dir='ltr'>tab.</span> <span class='ocrx_word' id='word_1_129' title='bbox 301 1962 400 2000; x_wconf 81' lang='lat' dir='ltr'><strong>VII.</strong></span> <span class='ocrx_word' id='word_1_130' title='bbox 432 1962 455 2000; x_wconf 84' lang='lat' dir='ltr'>f.</span> <span class='ocrx_word' id='word_1_131' title='bbox 487 1962 550 2012; x_wconf 70' lang='lat'>54.</span> <span class='ocrx_word' id='word_1_132' title='bbox 583 1964 930 2002; x_wconf 81' lang='lat' dir='ltr'>verosimillimum</span> <span class='ocrx_word' id='word_1_133' title='bbox 969 1974 1056 2011; x_wconf 87' lang='lat' dir='ltr'>est,</span> <span class='ocrx_word' id='word_1_134' title='bbox 1106 1964 1264 2002; x_wconf 78' lang='lat' dir='ltr'>etiamsi</span> <span class='ocrx_word' id='word_1_135' title='bbox 1303 1962 1458 2015; x_wconf 74' lang='lat' dir='ltr'>globuli</span> <span class='ocrx_word' id='word_1_136' title='bbox 1487 1978 1543 2000; x_wconf 83' lang='lat' dir='ltr'>se-</span> 
     </span>
     <span class='ocr_line' id='line_1_25' title="bbox 186 2036 1541 2090; baseline 0.003 -18"><span class='ocrx_word' id='word_1_137' title='bbox 186 2036 346 2073; x_wconf 76' lang='lat' dir='ltr'>minalis</span> <span class='ocrx_word' id='word_1_138' title='bbox 382 2036 432 2074; x_wconf 85' lang='lat' dir='ltr'>ab</span> <span class='ocrx_word' id='word_1_139' title='bbox 462 2050 511 2075; x_wconf 82' lang='lat' dir='ltr'>eo</span> <span class='ocrx_word' id='word_1_140' title='bbox 542 2038 709 2078; x_wconf 79' lang='lat' dir='ltr'>indicati</span> <span class='ocrx_word' id='word_1_141' title='bbox 747 2039 899 2076; x_wconf 85' lang='lat' dir='ltr'>nullum</span> <span class='ocrx_word' id='word_1_142' title='bbox 938 2052 1129 2090; x_wconf 81' lang='lat' dir='ltr'><strong>umquam</strong></span> <span class='ocrx_word' id='word_1_143' title='bbox 1166 2039 1387 2077; x_wconf 80' lang='lat' dir='ltr'>viderimus</span> <span class='ocrx_word' id='word_1_144' title='bbox 1418 2042 1541 2078; x_wconf 83' lang='lat' dir='ltr'>vesti-</span> 
     </span>
     <span class='ocr_line' id='line_1_26' title="bbox 183 2112 1545 2165; baseline 0.001 -17"><span class='ocrx_word' id='word_1_145' title='bbox 183 2114 308 2162; x_wconf 82' lang='lat' dir='ltr'>gium.</span> <span class='ocrx_word' id='word_1_146' title='bbox 375 2112 517 2149; x_wconf 62' lang='lat' dir='ltr'>Farinfi</span> <span class='ocrx_word' id='word_1_147' title='bbox 559 2114 772 2164; x_wconf 61' lang='lat' dir='ltr'>compactfi</span> <span class='ocrx_word' id='word_1_148' title='bbox 811 2114 898 2150; x_wconf 60' lang='lat' dir='ltr'>alb&amp;</span> <span class='ocrx_word' id='word_1_149' title='bbox 946 2113 1184 2162; x_wconf 83' lang='lat' dir='ltr'>(seticulis?</span> <span class='ocrx_word' id='word_1_150' title='bbox 1227 2112 1359 2163; x_wconf 76' lang='lat' dir='ltr'>Tode)</span> <span class='ocrx_word' id='word_1_151' title='bbox 1405 2113 1545 2165; x_wconf 79' lang='lat' dir='ltr'>junior</span> 
     </span>
     <span class='ocr_line' id='line_1_27' title="bbox 183 2185 1538 2239; baseline 0.003 -17"><span class='ocrx_word' id='word_1_152' title='bbox 183 2185 329 2237; x_wconf 81' lang='lat' dir='ltr'>fungus</span> <span class='ocrx_word' id='word_1_153' title='bbox 360 2186 568 2238; x_wconf 81' lang='lat' dir='ltr'>obtegitur</span> <span class='ocrx_word' id='word_1_154' title='bbox 597 2197 730 2225; x_wconf 84' lang='lat' dir='ltr'>totus:</span> <span class='ocrx_word' id='word_1_155' title='bbox 774 2188 849 2239; x_wconf 49' lang='lat' dir='ltr'>quei</span> <span class='ocrx_word' id='word_1_156' title='bbox 879 2197 1023 2239; x_wconf 84' lang='lat' dir='ltr'>postea</span> <span class='ocrx_word' id='word_1_157' title='bbox 1050 2190 1092 2224; x_wconf 85' lang='lat' dir='ltr'>in</span> <span class='ocrx_word' id='word_1_158' title='bbox 1122 2186 1206 2224; x_wconf 77' lang='lat' dir='ltr'>basi</span> <span class='ocrx_word' id='word_1_159' title='bbox 1237 2196 1391 2224; x_wconf 78' lang='lat' dir='ltr'>tantum</span> <span class='ocrx_word' id='word_1_160' title='bbox 1423 2187 1538 2238; x_wconf 83' lang='lat' dir='ltr'>(ple-</span> 
     </span>
     <span class='ocr_line' id='line_1_28' title="bbox 181 2260 1538 2314; baseline 0.001 -17"><span class='ocrx_word' id='word_1_161' title='bbox 181 2273 356 2311; x_wconf 83' lang='lat' dir='ltr'>rumque</span> <span class='ocrx_word' id='word_1_162' title='bbox 396 2260 575 2313; x_wconf 70' lang='lat' dir='ltr'>stellari)</span> <span class='ocrx_word' id='word_1_163' title='bbox 612 2271 652 2299; x_wconf 86' lang='lat' dir='ltr'>et</span> <span class='ocrx_word' id='word_1_164' title='bbox 691 2263 809 2314; x_wconf 77' lang='lat' dir='ltr'>apice</span> <span class='ocrx_word' id='word_1_165' title='bbox 845 2261 1032 2309; x_wconf 47' lang='lat' dir='ltr'>residue,</span> <span class='ocrx_word' id='word_1_166' title='bbox 1077 2262 1192 2300; x_wconf 85' lang='lat' dir='ltr'>color</span> <span class='ocrx_word' id='word_1_167' title='bbox 1220 2275 1242 2299; x_wconf 92' lang='lat' dir='ltr'>e</span> <span class='ocrx_word' id='word_1_168' title='bbox 1270 2261 1363 2299; x_wconf 84' lang='lat' dir='ltr'>rufo</span> <span class='ocrx_word' id='word_1_169' title='bbox 1402 2261 1538 2313; x_wconf 82' lang='lat' dir='ltr'>spadi—</span> 
     </span>
     <span class='ocr_line' id='line_1_29' title="bbox 184 2335 1536 2388; baseline 0 -15"><span class='ocrx_word' id='word_1_170' title='bbox 184 2348 282 2373; x_wconf 84' lang='lat' dir='ltr'>ceus</span> <span class='ocrx_word' id='word_1_171' title='bbox 311 2337 353 2371; x_wconf 87' lang='lat' dir='ltr'>in</span> <span class='ocrx_word' id='word_1_172' title='bbox 380 2335 510 2374; x_wconf 83' lang='lat' dir='ltr'>lucem</span> <span class='ocrx_word' id='word_1_173' title='bbox 539 2336 691 2388; x_wconf 87' lang='lat' dir='ltr'>prodit.</span> <span class='ocrx_word' id='word_1_174' title='bbox 750 2338 864 2375; x_wconf 83' lang='lat' dir='ltr'>Sicca</span> <span class='ocrx_word' id='word_1_175' title='bbox 901 2347 1081 2375; x_wconf 83' lang='lat' dir='ltr'>ceterum</span> <span class='ocrx_word' id='word_1_176' title='bbox 1124 2339 1312 2388; x_wconf 81' lang='lat' dir='ltr'>species,</span> <span class='ocrx_word' id='word_1_177' title='bbox 1354 2335 1536 2374; x_wconf 79' lang='lat' dir='ltr'>filamen-</span> 
     </span>
     <span class='ocr_line' id='line_1_30' title="bbox 183 2409 1533 2463; baseline 0.003 -17"><span class='ocrx_word' id='word_1_178' title='bbox 183 2419 295 2457; x_wconf 80' lang='lat' dir='ltr'>t05a‚</span> <span class='ocrx_word' id='word_1_179' title='bbox 326 2422 486 2448; x_wconf 79' lang='lat' dir='ltr'>ramosa</span> <span class='ocrx_word' id='word_1_180' title='bbox 513 2411 576 2448; x_wconf 90' lang='lat' dir='ltr'>vel</span> <span class='ocrx_word' id='word_1_181' title='bbox 605 2411 946 2462; x_wconf 83' lang='lat' dir='ltr'>simpliciuscula:</span> <span class='ocrx_word' id='word_1_182' title='bbox 978 2414 1112 2463; x_wconf 88' lang='lat' dir='ltr'>primo</span> <span class='ocrx_word' id='word_1_183' title='bbox 1140 2424 1313 2462; x_wconf 85' lang='lat' dir='ltr'>repens,</span> <span class='ocrx_word' id='word_1_184' title='bbox 1346 2409 1439 2449; x_wconf 87' lang='lat' dir='ltr'>dein</span> <span class='ocrx_word' id='word_1_185' title='bbox 1467 2424 1533 2450; x_wconf 83' lang='lat' dir='ltr'>as-</span> 
     </span>
     <span class='ocr_line' id='line_1_31' title="bbox 181 2484 1528 2538; baseline 0.004 -18"><span class='ocrx_word' id='word_1_186' title='bbox 181 2496 352 2535; x_wconf 78' lang='lat' dir='ltr'>surgens</span> <span class='ocrx_word' id='word_1_187' title='bbox 393 2484 612 2523; x_wconf 77' lang='lat' dir='ltr'>sublibera.</span> <span class='ocrx_word' id='word_1_188' title='bbox 682 2486 917 2538; x_wconf 75' lang='lat' dir='ltr'>pervulgata</span> <span class='ocrx_word' id='word_1_189' title='bbox 955 2486 1105 2538; x_wconf 85' lang='lat' dir='ltr'>ubique</span> <span class='ocrx_word' id='word_1_190' title='bbox 1143 2486 1184 2523; x_wconf 86' lang='lat' dir='ltr'>in</span> <span class='ocrx_word' id='word_1_191' title='bbox 1222 2485 1357 2533; x_wconf 82' lang='lat' dir='ltr'>foliis,</span> <span class='ocrx_word' id='word_1_192' title='bbox 1396 2485 1528 2538; x_wconf 79' lang='lat' dir='ltr'>lignis,</span> 
     </span>
    </p>
   </div>
   <div class='ocr_carea' id='block_1_6' title="bbox 179 2557 1234 2611">
    <p class='ocr_par' dir='ltr' id='par_1_6' title="bbox 179 2557 1234 2611">
     <span class='ocr_line' id='line_1_32' title="bbox 179 2557 1234 2611; baseline 0.005 -16"><span class='ocrx_word' id='word_1_193' title='bbox 179 2561 301 2598; x_wconf 75' lang='lat' dir='ltr'>ramis</span> <span class='ocrx_word' id='word_1_194' title='bbox 331 2557 503 2611; x_wconf 86' lang='lat' dir='ltr'>dejectis</span> <span class='ocrx_word' id='word_1_195' title='bbox 533 2559 708 2599; x_wconf 86' lang='lat' dir='ltr'>obtectis</span> <span class='ocrx_word' id='word_1_196' title='bbox 738 2560 965 2600; x_wconf 77' lang='lat' dir='ltr'>suffocatis.</span> <span class='ocrx_word' id='word_1_197' title='bbox 1024 2561 1234 2600; x_wconf 86' lang='lat' dir='ltr'>Perennis.</span> 
     </span>
    </p>
   </div>
  </div>
 </body>
</html>
