1928 3051
405 233 479 258 200

405 339 556 378 Salices
596 351 711 377 cavas
751 334 1036 394 (Ullersdorf)
1072 348 1113 376 et
1153 338 1277 377 Titias
1323 339 1562 389 (Ti-ebusser
1599 340 1742 393 Allce)

402 412 590 465 gregibus
628 414 970 451 numerosissimis
1011 412 1274 465 obtegentem
1309 414 1523 466 aliquoties
1551 414 1743 454 observa-

402 491 530 525 vimus
559 495 658 537 post
686 485 838 536 pluvias
868 485 1091 525 diuturnas.
1149 487 1402 538 Septembri,
1436 488 1626 526 Octobri.

506 559 596 611 578.
643 560 693 597 A.
733 559 780 597 C.
821 559 1170 599 domesticus.

401 636 593 672 Nascitur
622 633 786 686 quidem
814 644 953 673 noster
981 637 1020 671 in
1051 634 1204 681 hortis,
1235 637 1448 687 gramineIS
1471 644 1550 672 etc.
1573 637 1739 686 passim,

403 712 443 746 in
470 712 594 746 muris
623 708 819 746 hactenus
848 722 933 745 non
961 711 1171 747 inventus:
1220 718 1397 748 attamen
1433 709 1488 746 ob
1524 708 1620 759 pilei
1659 708 1742 747 sul·

403 795 474 821 cos
503 782 616 821 valde
645 782 862 821 undulatos
898 783 1079 835 aliosque
1108 783 1363 822 characteres
1394 783 1474 821 huc
1503 783 1743 822 referendus

401 859 510 896 visus
539 856 623 894 fuit.
683 857 813 894 Pileus
851 859 966 895 initio
1005 856 1310 910 digitaliforuiis.
1369 857 1466 909 Ejus
1496 866 1632 895 vertex
1661 857 1742 896 lae-

403 935 485 978 vis,
531 931 842 983 subspadiceus.
909 930 1040 982 Stipes
1077 929 1144 984 3]ss
1178 934 1314 969 uncias
1343 931 1502 983 longus.
1561 932 1655 968 Non
1683 933 1743 968 in-

402 1006 596 1058 frequens
625 1009 806 1044 occurrit
834 1007 935 1044 locis
965 1018 1087 1057 supra
1115 1005 1325 1044 indicatis:
1365 1018 1459 1044 vere
1490 1015 1531 1044 et
1558 1018 1744 1057 praeser-

404 1084 472 1118 tim
501 1091 707 1119 autumno.

506 1156 601 1207 579.
644 1155 696 1193 A.
739 1154 786 1192 C.
827 1153 1069 1205 pulcher.

769 1242 809 1272 α,
839 1228 1039 1279 pratensis

405 1303 537 1343 Pileus
567 1303 729 1340 demum
757 1301 924 1353 planus,
967 1298 1236 1346 disciformis;
1279 1300 1397 1351 plicis
1435 1300 1520 1339 aliis
1549 1300 1745 1352 simplici-

403 1378 503 1425 bus,
547 1377 633 1416 aliis
662 1375 826 1414 furcatis
856 1375 1048 1414 sulcatus.
1106 1375 1228 1412 Amat
1253 1378 1415 1426 species
1445 1375 1628 1427 elegans,
1667 1388 1745 1413 no-

402 1457 509 1491 mine
540 1465 614 1491 suo
643 1451 786 1503 digna,
826 1452 1067 1502 praesertim
1103 1459 1218 1501 prata
1249 1449 1371 1487 aliave
1399 1450 1490 1487 loca
1517 1452 1746 1501 graminosa

402 1526 696 1566 humidiuscula
723 1538 896 1563 amoene
919 1527 1110 1571 virentia,
1143 1537 1244 1576 quae
1263 1526 1435 1575 sparsim
1456 1524 1596 1561 incolit
1616 1522 1746 1573 (Nies-

405 1602 481 1655 ky3
512 1595 785 1654 Jcinkeozdorf;
822 1595 1096 1654 Ullersd01f):
1125 1612 1253 1651 aeque
1283 1598 1461 1636 hilariter
1482 1601 1622 1649 vigens
1652 1611 1747 1635 vere

403 1679 489 1714 miti
517 1675 657 1726 pluvio
686 1688 733 1712 ac
762 1683 954 1712 autumno
986 1683 1168 1724 tepente.

508 1749 600 1788 580.
645 1749 695 1786 A.
735 1749 782 1787 C.
826 1747 1159 1799 epheuierus.

407 1825 599 1862 Occurrit
626 1823 722 1860 hinc
751 1822 844 1860 inde
873 1825 915 1859 in
933 1821 1080 1860 fimetis
1099 1821 1249 1858 locisve
1274 1819 1620 1872 qualibuscunque
1644 1828 1747 1857 ster·
1773 1823 1779 1825 *

406 1901 562 1936 corosis
601 1899 658 1946 (v.
690 1911 727 1935 c.
758 1892 1055 1951 Ja'rzlrcnclmfer
1085 1893 1321 1944 Mischecce)
1359 1893 1466 1930 liaud
1496 1892 1744 1945 infrequens,

406 1971 543 2023 fugax,
583 1972 691 2022 pileo
719 1985 810 2008 uiox
838 1961 1086 2008 introvoluto
1118 1971 1293 2020 periens.
1351 1967 1601 2007 Observatus
1630 1950 1747 2004 nobis

405 2049 627 2098 praecipue
656 2046 794 2090 Maio,
826 2045 962 2082 Junio.

510 2121 601 2157 581.
647 2118 698 2156 A.
739 2118 786 2156 C.
830 2118 1089 2156 radiatus.

409 2193 539 2232 Pilcus
577 2195 688 2230 initio
725 2206 771 2231 ex
807 2202 929 2230 ovato
969 2190 1296 2242 campanulatus,
1350 2187 1518 2227 sordide
1555 2187 1744 2234 ochreus,

407 2271 571 2306 cinereo
591 2277 904 2312 -toiliexttosus,
937 2279 1115 2317 opacus,
1151 2265 1218 2302 lin.
1255 2278 1270 2301 1
1303 2263 1387 2301 fere
1415 2263 1542 2308 latus,
1577 2275 1598 2299 2
1627 2262 1744 2306 altus,

407 2343 540 2394 stipite
578 2342 692 2379 brevi
728 2340 846 2378 firmo
884 2339 1097 2378 suffultus:
1134 2349 1176 2377 at
1212 2341 1292 2376 cito
1331 2340 1372 2374 in
1401 2347 1591 2375 staturam
1622 2335 1746 2387 proli-

406 2419 555 2454 xiorem
595 2415 783 2467 gracilem
823 2416 998 2465 exsurgit
1037 2412 1222 2465 fungillus
1251 2412 1326 2463 jam
1358 2411 1556 2456 titubans,
1596 2409 1750 2460 pileum

408 2491 524 2529 simul
563 2493 604 2527 in
641 2489 799 2527 discum
838 2491 1124 2533 tenerrimum,
1176 2485 1342 2523 lamellis
1391 2487 1525 2536 parcis
1565 2482 1749 2533 (5-8)

408 2564 748 2602 translucentibus
776 2562 997 2608 radiatum,
1030 2561 1268 2612 explanans,
1302 2562 1368 2612 qui
1396 2558 1532 2610 paullo
1555 2566 1653 2608 post
1679 2555 1750 2595 fis-

410 2651 478 2677 sus
509 2638 720 2675 collabitur
759 2647 801 2674 et
836 2638 1052 2675 evanescit.
1111 2634 1344 2686 pervulgata
1383 2642 1446 2671 est
1475 2635 1661 2683 species,
1701 2633 1745 2667 in

412 2722 594 2750 stercore
647 2714 797 2763 equino
853 2712 1104 2761 vaccinoque
1159 2709 1261 2746 locis
1316 2706 1491 2745 humi-„lis
1541 2704 1750 2743 umbrosis
