1928 3051
1406 242 1428 267 N

1433 231 1454 268 ω

1458 244 1480 281 xl

240 347 331 399 764.
377 347 424 385 Β.
464 347 509 386 P.
553 347 975 399 sanguinolenta
1012 356 1184 386 N0131‘s.

136 422 182 459 Β.
214 422 260 460 Ρ.
290 420 597 459 suborbicularis
626 419 804 477 efficsczve
834 433 970 459 tenera
1000 436 1145 476 aquoso
1164 442 1179 450 ·
1199 419 1290 460 alba
1308 421 1479 477 subhya-

135 496 219 533 lina
247 495 302 533 ad
331 507 481 534 tactum
521 507 753 542 cruentata,
795 498 980 548 margine
1016 496 1132 534 dense
1169 496 1328 551 byssino
1367 499 1478 536 niveo

91 579 95 581 ’
135 568 291 609 demum
319 569 571 609 subevaniclo.

239 647 368 698 Fungi
394 645 575 698 juniores
603 648 736 697 parvi,
776 645 909 696 4-6
937 645 1022 684 Fere
1050 645 1119 684 lin.
1151 646 1242 695 lati,
1285 649 1479 703 gregarii:

135 722 256 759 vicini
284 720 433 760 deinde
461 720 665 772 paullatim
688 721 956 759 increscendo
977 720 1187 758 confluunt
1210 724 1286 769 ita,
1318 732 1362 759 ut
1387 735 1482 774 spe—

137 797 269 832 cimen
306 794 469 832 demum
507 798 669 833 unicum
712 798 806 834 satis
844 795 965 846 longe
993 795 1152 847 lateque
1182 794 1379 843 effnsuni,
1420 800 1481 834 in-

135 868 295 907 terdum
325 869 618 919 spithamaeum
647 878 688 907 et
716 869 839 915 ultra,
880 869 954 907 sed
995 879 1233 908 constanter
1262 873 1481 923 sanguino-

134 943 310 989 lentum,
350 941 549 989 efficiant,
591 957 736 993 marg-0
776 952 859 980 tum
891 946 1091 994 temporis
1122 944 1385 992 obliteratur,
1417 955 1479 983 to—
1533 950 1537 951 ⁷

136 1027 283 1070 tusque
311 1030 435 1069 saepe
464 1016 608 1069 fnngus
638 1018 779 1067 (antea
806 1017 927 1056 laevis
949 1017 1265 1069 subpellucens)
1296 1028 1481 1058 tomento

137 1092 312 1131 candido
351 1092 536 1131 villuloso
574 1114 626 1121 —
662 1106 713 1130 an
749 1091 862 1144 byssi
901 1092 1111 1144 cujusdam
1140 1095 1380 1144 parasiticae
1409 1097 1484 1132 ini-

137 1167 227 1205 tiis?
255 1188 308 1195 —-
336 1167 580 1205 obvolvitur.
642 1168 740 1203 Pori
768 1169 881 1204 initio
912 1170 1025 1217 parvi
1043 1197 1051 1213 ,
1082 1170 1209 1214 recti,
1241 1171 1367 1207 rarius
1389 1169 1484 1207 sub-

138 1242 315 1294 obliqui,
357 1242 570 1293 aequales,
611 1241 798 1279 rotundi:
839 1241 1014 1293 denique
1054 1245 1206 1292 passim
1235 1243 1356 1280 laceri
1385 1243 1482 1282 sub—

137 1316 348 1355 diffOrmes
388 1317 576 1354 evadunt.
654 1315 890 1354 Substantia
927 1325 1088 1362 tenera,
1126 1316 1315 1355 humida:
1356 1317 1482 1370 digito

138 1391 371 1444 ubicunque
406 1402 510 1429 tacta
548 1401 589 1430 et
626 1393 811 1443 inprimis
848 1390 1090 1442 aliquantum
1120 1404 1264 1442 pressa
1294 1392 1483 1431 laesionis

138 1467 275 1505 locum
313 1467 388 1505 sub
430 1467 560 1505 oculis
597 1466 872 1504 observatoris
910 1468 1014 1503 intra
1059 1468 1199 1503 minuti
1238 1465 1324 1504 fere
1363 1470 1482 1518 primi

138 1544 334 1592 spatium,
377 1550 444 1578 aut
475 1541 611 1592 paullo
652 1543 770 1579 citius
800 1540 1002 1578 tardiusve
1032 1553 1110 1591 pro
1141 1539 1303 1579 diverso
1332 1543 1484 1593 vigoriS

136 1615 283 1668 gradu,
336 1616 477 1653 colore
523 1615 695 1666 pulchre
745 1618 965 1667 sanguineo
1014 1617 1151 1666 tingit,
1204 1616 1339 1666 paullo
1385 1627 1486 1668 post

138 1691 315 1740 (cruoris
344 1690 524 1728 animalis
554 1693 636 1727 aeri
674 1692 845 1741 expositi
885 1699 1020 1727 exacte
1050 1690 1099 1727 ad
1129 1691 1279 1740 instar)
1321 1691 1485 1729 sordide

136 1763 398 1804 i'us'cescente
417 1756 473 1802 ac
502 1767 765 1815 persistente.
835 1765 883 1802 In
913 1778 993 1816 quo
1024 1764 1312 1816 phaenomeno
1342 1778 1484 1816 parum

136 1839 336 1878 hactenus
363 1839 501 1877 audito
534 1840 580 1889 (a
600 1839 897 1878 recentiorlbus
916 1840 1058 1878 saltem
1080 1839 1329 1891 mycologis,
1363 1854 1487 1892 quan-

138 1924 221 1952 tum
262 1928 339 1953 nos
378 1914 541 1967 quidem
579 1917 795 1961 novimus,
837 1923 946 1952 extra
983 1915 1179 1966 Agaricos
1216 1914 1378 1951 vixdum
1409 1916 1486 1954 ob-

138 1991 326 2040 servato)
356 1989 606 2041 explorando
638 2003 757 2028 curae
788 1990 1050 2042 cautelaeque
1078 1990 1156 2035 nil,
1189 1989 1301 2041 quod.
1331 2003 1487 2041 suppe-

140 2073 264 2110 teret,
307 2064 714 2115 praetermittendum
742 2067 840 2111 rati,
876 2078 927 2102 ne
958 2064 1057 2115 quid
1086 2063 1220 2102 forsan
1248 2064 1338 2102 solo
1368 2065 1487 2102 natali

139 2141 218 2190 ipsi
253 2141 435 2176 materiei
478 2142 728 2177 cruentantis
767 2139 1118 2190 (entoinogonae‚
1169 2148 1236 2175 aut
1276 2152 1371 2176 casu
1409 2139 1485 2176 alio

141 2226 388 2265 quocunque
416 2213 523 2251 istnc
552 2213 727 2264 delatae)
766 2215 944 2259 inesset,
988 2215 1126 2258 veriti,
1168 2212 1358 2264 fungillos
1387 2213 1488 2252 alios

143 2291 270 2326 varios
308 2290 465 2325 vicinos
503 2287 635 2325 eidem
674 2287 834 2324 matrici
872 2287 1096 2325 insidentes
1137 2287 1283 2324 eodeni
1314 2301 1488 2339 prorsus

140 2361 266 2399 modo
302 2375 472 2413 pressos
511 2362 567 2399 nil
602 2376 792 2414 umquam
833 2362 962 2400 simile
1004 2361 1254 2413 prodentes,
1303 2365 1385 2400 inno
1436 2376 1488 2401 ne

142 2437 338 2474 tantillum
381 2437 544 2489 quidem
590 2437 902 2483 decolorantes,
950 2436 1140 2474 vidimus.
1216 2436 1343 2487 Quod
1380 2437 1488 2475 idem

144 2521 349 2549 tentamen
378 2515 417 2548 in
447 2512 612 2564 reliquis
650 2514 768 2549 etiam
803 2510 937 2563 fungis
974 2510 1290 2562 sanguinolentis
1326 2521 1490 2551 nostra-

143 2585 249 2624 tibus
278 2585 381 2624 infra
408 2586 673 2624 recensendis
703 2585 1001 2637 (leelephorci,
1045 2585 1212 2630 Pezizfi,
1254 2587 1489 2623 Mesenteri-

145 2660 214 2711 cti)
244 2663 429 2698 iteratum
459 2664 555 2699 item
587 2664 754 2698 omnino
785 2663 981 2707 cessisse,
1013 2659 1107 2698 heic
1135 2660 1235 2712 jaun,
1267 2674 1319 2699 ne
1347 2661 1489 2699 eadem

142 2736 372 2788 repetendo
396 2736 558 2775 molesti
579 2739 719 2784 simus,
750 2735 928 2775 lectores
947 2738 1226 2788 praemonitos
1247 2736 1492 2775 velimus:—

1389 2827 1441 2865 33
