1928 3051
1472 171 1521 183 v-r⁴

1450 179 1520 210 133'
1563 183 1566 185 “

180 298 488 353 Chrysosplenio
527 293 773 353 alternisolio
809 297 912 335 locis
948 294 1123 334 humidis
1158 293 1364 334 umbrosis
1404 294 1518 343 (Ma

176 372 308 411 holzen·
336 372 470 411 Haicle
483 375 510 425 ).
567 373 776 412 Invenitur
807 372 870 410 illa
907 381 1060 411 aestate
1090 380 1131 410 et
1159 379 1376 408 autumno:
1419 368 1521 407 haec

175 448 303 486 Maio.

280 522 374 574 379.
420 523 465 561 P.
505 523 768 575 graminis.

544 611 585 641 α,
618 595 815 646 graminis

541 669 621 719 ββ,
651 670 768 710 Junci

541 757 612 796 Ύγ,
644 742 816 779 caulium

180 817 331 854 Lineae
359 819 400 853 in
430 830 471 863 a,
505 816 709 868 cauligena
742 824 880 854 exacte
908 813 1146 866 parallelae,
1189 825 1312 865 saepe
1340 812 1522 865 longissi*

176 904 287 929 mae:
337 893 379 928 in
417 891 558 929 eadem
605 890 806 943 epiphylla
850 890 1035 927 lineari·
1062 888 1289 939 oblongae,
1340 900 1519 938 sparsae,

177 966 480 1013 breviusculae,
510 965 691 1004 maculae
720 967 859 1016 potius
881 963 1191 1014 nuncupandae.
1234 961 1355 1000 Color
1376 976 1398 1000 e
1420 961 1523 999 flavo

176 1040 440 1088 Fuscescens,
485 1040 646 1079 demum
683 1042 811 1091 niger.
880 1037 1081 1090 Sporulae
1119 1036 1229 1076 sedis
1259 1050 1354 1075 suae
1383 1036 1525 1074 admo-

178 1116 274 1153 dum
303 1127 482 1155 tenaces.
540 1115 828 1166 Vulgatissima
856 1113 958 1151 haec
988 1115 1171 1151 occurrit
1197 1112 1294 1150 loco
1323 1123 1425 1157 suo3
1457 1123 1525 1147 au—

178 1200 345 1237 tumno,
378 1191 549 1242 hyeme,
580 1203 690 1228 vere.
742 1190 840 1226 Var.
871 1187 950 1236 ββ,
982 1187 1117 1239 junior
1139 1186 1418 1238 pulverulenta
1439 1198 1525 1224 sor—

180 1264 274 1302 dide
303 1265 526 1310 ochracea,
574 1264 708 1301 adulta
744 1266 937 1314 nigrescit
965 1272 1006 1300 et
1035 1264 1333 1313 compingitur:
1375 1262 1523 1298 utriUS-

181 1353 258 1390 que
297 1352 421 1390 saepe
458 1341 599 1376 aetatis
636 1341 677 1374 in
713 1351 794 1375 uno
836 1337 1066 1388 eodemque
1094 1339 1238 1373 mixtae
1267 1335 1414 1373 adsunt
1441 1348 1525 1372 lna-

181 1413 295 1451 culae
324 1413 601 1452 subrotundae
631 1423 699 1449 aut
720 1413 946 1463 ellipticae‚
979 1414 1097 1449 etiam
1120 1410 1393 1456 subhueares,
1426 1409 1524 1446 folio

179 1488 242 1526 vel
279 1488 430 1526 culmo.
508 1489 719 1539 Frequens
755 1487 856 1524 haec
893 1485 1032 1523 incolit
1068 1485 1236 1540 sauros,
1284 1486 1526 1535 praeprimis.

178 1561 214 1603 J.
257 1573 519 1613 campestrem
557 1572 597 1599 et
630 1561 799 1613 pilosum
843 1560 916 1607 L.‚
966 1563 1117 1611 passim
1164 1568 1203 1596 et
1241 1558 1355 1595 Allia
1403 1558 1522 1604 culta,

181 1632 380 1681 Pom-um,
424 1635 574 1687 Cepam
615 1645 695 1673 etc.
734 1635 877 1672 colore
908 1637 1128 1685 praecipue
1158 1632 1208 1670 ab
1240 1647 1280 1679 a,
1313 1632 1521 1671 differens.

179 1710 216 1748 A
245 1724 339 1749 vere
366 1713 406 1747 in
435 1720 670 1748 autumnum
700 1722 843 1761 usque.
902 1708 1103 1746 Notabilis
1133 1707 1295 1745 tandem
1325 1722 1394 1760 'W’
1433 1720 1527 1745 ova-

179 1793 221 1823 to
238 1807 258 1816 -
277 1780 476 1837 oblonga,
508 1787 708 1836 nigricans
723 1813 731 1829 ‚
765 1786 948 1835 speciem
978 1796 1107 1834 paene
1127 1785 1335 1834 propriam
1358 1782 1412 1820 ob
1435 1795 1528 1834 spo-

178 1859 285 1899 rulas
314 1860 451 1898 medio
482 1873 624 1911 parum
654 1861 896 1897 constrictas
938 1858 1188 1909 caudamque
1222 1856 1335 1895 valde
1365 1857 1527 1909 elonga-

182 1943 260 1971 tam
300 1945 504 1973 meretur:
551 1934 677 1973 semel
715 1936 757 1970 in
797 1933 976 1971 caulibus
1025 1936 1194 1971 vetustis
1236 1932 1525 1983 semiputribus

182 2011 303 2047 siccis
343 2008 512 2058 (Socani
552 2007 747 2054 tuberosi,
795 2018 839 2045 ut
872 2007 1108 2059 videbatur)
1155 2017 1319 2058 reperta
1362 2009 1524 2044 ineunte

181 2083 326 2134 Aprili.

287 2156 379 2195 580.
425 2158 471 2196 Ρ.
511 2157 780 2208 Juniperi.

183 2231 230 2269 In
259 2241 362 2270 statu
392 2234 596 2283 primitivo
625 2245 736 2269 mera
764 2231 879 2270 adest
907 2233 1046 2269 matrix
1072 2243 1244 2281 prorsus
1259 2229 1393 2276 nuda,
1426 2243 1526 2281 quae

184 2305 279 2344 dein
309 2306 487 2357 sporulis
516 2308 667 2344 sensim
709 2305 888 2357 undique
926 2305 1165 2351 obducitur,
1206 2304 1372 2342 formam
1411 2304 1528 2342 simul

184 2380 461 2419 excrescendo
492 2389 666 2417 mutans.
724 2379 772 2416 In
799 2380 929 2417 hortis
959 2377 1254 2434 (Isinkendmfl-
1291 2375 1528 2434 Ezclclcb‘tfel)

183 2454 219 2494 J.
252 2453 445 2493 Sabinam
474 2453 666 2506 frequens
696 2454 807 2491 colit.
867 2453 1018 2505 Aprili,
1048 2454 1171 2491 Maio.

289 2528 378 2567 581.
424 2530 470 2568 P.
513 2529 857 2567 Potentillae.

183 2604 330 2641 Vicina
358 2606 524 2641 omnino
560 2606 770 2656 sequenti:
812 2602 948 2640 differt
986 2612 1121 2640 tamen
1156 2600 1410 2654 sporularum
1438 2615 1526 2640 mu-

186 2678 381 2717 cronibus
409 2678 658 2717 brevissimis
687 2679 750 2717 vel
777 2679 919 2726 nullis,
960 2677 1180 2730 caudisque
1221 2679 1341 2716 etiam
1368 2676 1528 2716 brevio-
