1928 3051
389 171 460 196 111)

383 278 482 322 rici,
521 274 680 320 males,
722 273 996 318 sumine-ares,
1037 270 1205 310 flexuosi
1244 280 1353 310 etc.:
1400 271 1462 310 vel
1500 271 1629 323 sparsi
1656 272 1723 311 vel

383 351 603 400 aggregati,
651 347 748 385 hinc
784 346 893 384 illinc
933 344 1203 384 confluentes.
1282 344 1485 383 Peridium
1521 346 1727 398 eleganter

385 436 600 468 carneum,
653 420 856 466 lucidum,
903 422 1059 457 micore
1105 418 1327 471 clialybaeo
1373 422 1532 467 nitens,
1584 430 1722 469 tenue,

382 496 576 547 rigidum,
619 493 892 546 fragillimum,
934 492 1197 544 inaequaliter
1223 506 1394 544 prorsus
1426 494 1595 532 dissilit:
1633 494 1723 546 pul-

382 571 440 606 vis
469 569 692 614 farinosus,
739 570 871 618 primo
911 565 1190 604 dehiscentiae
1224 577 1436 605 momento
1476 567 1633 607 albidus
1661 567 1724 606 vel

386 642 580 680 tantillum
619 642 757 679 saltem
800 653 996 686 carneus,
1044 639 1095 677 ad
1133 640 1302 698 liberum
1339 643 1444 679 aeris
1488 651 1724 679 contactum

384 730 478 754 mox
516 718 712 754 intensius
749 718 1034 753 incarnascens
1062 717 1103 751 in
1131 727 1296 752 roseum
1334 714 1508 766 denique
1541 715 1724 753 colorem

384 794 525 841 vergit.
594 790 838 828 Rarissimus
874 787 1018 839 fungus
1048 797 1089 826 et
1116 797 1341 826 memoratu
1369 787 1632 840 ¹dignissimus
1661 801 1726 826 se-

385 863 465 901 mel
498 863 549 900 ad
581 863 731 914 lignum
769 861 984 899 abietimcm
1017 861 1170 899 nudum
1218 861 1422 914 dejectum
1462 872 1582 913 putre
1620 862 1725 900 locis

383 937 472 980 udis
502 937 701 989 sylvaticis
731 935 964 987 (Mokolzer
993 935 1153 987 Haide)
1182 938 1369 975 inventus
1397 936 1485 975 fuit.
1542 936 1724 974 Exeunte

386 1010 573 1050 Octobri.

752 1136 815 1174 28.
873 1134 1362 1174 TUBULINA.

489 1230 580 1270 305.
626 1233 678 1269 T.
720 1230 892 1270 Fallax.

386 1306 549 1357 Fungus
577 1305 798 1344 admodum
835 1317 930 1344 sane
967 1317 1080 1343 rarus
1110 1314 1197 1351 ter,
1237 1304 1312 1343 sed
1339 1306 1505 1343 nonnisi
1527 1314 1722 1352 maturus,

384 1393 408 1417 a
434 1380 556 1418 nobis
584 1389 773 1431 repertus
802 1389 890 1418 est:
927 1378 1061 1428 5-4
1089 1382 1227 1418 uncias
1255 1378 1400 1430 longus
1417 1408 1426 1422 ,
1463 1392 1487 1416 2
1517 1378 1642 1416 Ferme
1670 1377 1726 1415 la-

384 1464 475 1500 tus,
518 1453 645 1491 Forma
682 1453 824 1492 effusa.
892 1453 959 1490 Ad
998 1463 1168 1491 truncos
1207 1462 1492 1504 putrescentes
1531 1450 1727 1488 abietinos

386 1527 623 1576 (Mokolzer
660 1527 819 1579 Haicle)
858 1527 963 1566 locis
1002 1527 1171 1566 diversis
1209 1526 1402 1578 epixylus.
1473 1527 1567 1565 Jun.
1609 1527 1724 1577 Sept.

388 1602 485 1640 Oct.

491 1674 580 1712 306.
624 1676 674 1713 Τ.
718 1674 1069 1726 fragiformis.

385 1749 502 1799 Fragi
531 1748 667 1796 color,
706 1751 748 1785 in
776 1751 946 1800 opacius
983 1748 1148 1786 rubrum
1186 1747 1332 1786 deinde
1360 1757 1560 1794 mutatus,
1599 1749 1641 1784 in
1667 1749 1727 1785 vi-

386 1825 522 1861 vacius
569 1822 825 1860 sordidiusve
881 1822 1180 1872 (subterreo-)
1234 1821 1508 1874 ferrugineum
1562 1821 1727 1859 demum

387 1899 541 1934 transit.
609 1896 657 1934 In
693 1898 846 1936 truncis
874 1899 1043 1936 vetustis
1083 1899 1198 1937 variis
1225 1896 1434 1948 fiequens.
1490 1896 1658 1935 Aestate
1686 1905 1727 1934 et

387 1980 592 2009 {UltLlllan⁸

771 2146 834 2186 29.
917 2132 1349 2172 Muooss.

893 2238 936 2287 a)
977 2236 1227 2274 anosi.

492 2339 582 2386 507.
629 2341 689 2378 M.
730 2339 980 2380 flavidus.

389 2414 549 2451 Crescit
587 2418 827 2465 praesertim
854 2417 896 2452 in
925 2413 1074 2451 Boletis
1111 2414 1357 2453 succulentis
1395 2410 1726 2465 putrescentibus

388 2490 537 2537 passim
566 2488 669 2539 Aug.
702 2490 816 2540 Sept.

492 2559 582 2598 508.
630 2563 687 2598 Μ.
728 2562 1090 2614 Aspergillus.
1704 2610 1708 2611 ⁷

389 2633 586 2685 perquam
624 2635 808 2687 elegans,
851 2639 1103 2675 exactissime
1139 2635 1302 2674 ramuliS
1330 2637 1437 2673 varie
1467 2636 1640 2673 curvans
1668 2633 1728 2670 di-
