1928 3051
401 204 475 244 360

401 324 630 376 majusculis
661 321 938 361 faviformibus
963 322 1158 374 angulatis
1187 323 1458 377 5—Bgonis,
1504 329 1546 365 in
1582 331 1740 382 singulo

399 398 543 449 angulo
570 400 702 449 primo
734 396 1021 444 tuberculatis,
1053 396 1147 435 dein
1176 401 1381 438 cornutis:
1412 413 1434 437 e
1464 405 1608 453 quovis
1636 407 1743 443 enim

400 470 602 508 tuberculo
642 473 846 510 enascitur
880 486 1002 508 cornu
1038 471 1375 519 crassi-mulum,
1415 474 1632 524 obtusum,
1671 477 1740 518 lin.

402 560 416 585 ι
459 546 543 584 fere
581 544 762 598 longum.
822 545 1020 594 Sporulae
1057 548 1231 586 rariores
1269 561 1387 599 quam
1416 550 1637 600 prioribus.
1693 550 1740 600 β,

398 620 529 657 colore
557 619 762 672 discrepat
788 619 961 671 pulchre
989 619 1108 658 flavo.
1165 620 1213 659 In
1248 621 1364 674 lignis
1402 621 1581 676 abiegnis
1615 629 1743 678 putri-

398 694 575 733 dissilnis
631 693 817 743 (Haide,·
888 692 1208 745 Schiipsu³iesen,·
1278 696 1478 735 verlornes
1536 699 1738 752 Wasser).

396 770 491 808 Jun.
521 790 574 798 —
605 770 718 820 Sept.

841 893 1292 944 64.18AR1A.

506 1004 615 1037 1072.
660 990 692 1028 Ι.
735 1003 929 1029 crassa.

398 1064 531 1117 Stipes
558 1066 798 1117 plerumque
827 1064 1066 1112 distinctus,
1107 1066 1253 1113 laevis,
1293 1079 1414 1119 saepe
1452 1067 1645 1109 flavicans
1673 1080 1741 1109 aut

395 1140 724 1178 subochraceus:
767 1139 1014 1191 quandoque
1050 1150 1184 1178 tamen
1211 1143 1301 1192 ipse
1331 1155 1496 1194 quoque
1524 1143 1650 1181 farina}
1681 1154 1740 1183 to·

397 1223 460 1252 tus
509 1213 714 1251 obtectus.
803 1212 1034 1264 Capitulum
1078 1214 1194 1251 valde
1236 1213 1483 1262 farinosum,
1541 1230 1737 1258 crassum.

394 1288 546 1325 Totum
574 1286 786 1340 aliquando
814 1287 1028 1326 habuimus
1053 1287 1218 1339 fungum
1249 1290 1386 1326 rostris
1412 1291 1559 1342 patulis
1585 1290 1740 1331 flexuo-

395 1361 451 1400 sis
502 1360 824 1413 pubescentibus
872 1364 1019 1413 nigris⁷
1067 1362 1187 1400 veluti
1237 1363 1432 1414 spinulis,
1483 1364 1736 1413 horrentem,

395 1448 497 1487 quae
546 1435 596 1473 ad
640 1434 881 1487 Sphaeriam
929 1436 1126 1487 quandam
1175 1449 1480 1476 macrostornam
1529 1441 1738 1491 pertinere

394 1509 657 1548 videbantur:
690 1524 830 1548 verum
859 1510 1095 1562 sphaerulas
1125 1525 1267 1550 eruere
1291 1526 1375 1550 non
1400 1516 1579 1565 contigit.
1637 1513 1738 1552 Gre-

393 1587 526 1635 garius
554 1587 594 1621 in
625 1583 916 1636 chrysalidibus
945 1588 1143 1623 emortuis
1179 1587 1533 1637 putrescentibus,
1574 1591 1738 1628 minime

393 1671 507 1697 rarus
535 1658 677 1705 nobis,
715 1662 955 1710 parasitatur
983 1660 1044 1709 (v.
1077 1673 1114 1698 c.
1148 1659 1247 1698 Seer
1275 1659 1537 1706 Steinbr1cclz,·
1568 1661 1740 1716 Scho‘ps-

396 1733 554 1776 wiesen,·
587 1730 886 1789 Rengersdorf3
921 1733 1123 1786 Trcznlfe):
1161 1738 1327 1786 parcior
1354 1735 1403 1773 ad
1433 1746 1602 1783 terram,
1633 1740 1739 1776 inter

396 1808 494 1845 acus
524 1809 663 1858 pineas
693 1818 773 1845 etc.
805 1801 1030 1857 (Oderm'z3
1069 1807 1179 1860 See).
1242 1809 1307 1848 Ab
1344 1811 1530 1864 Augusto
1569 1814 1612 1850 in
1647 1814 1738 1850 No-

394 1881 601 1920 vembrem
631 1895 773 1934 usque.

502 1954 612 2006 1073.
657 1956 691 1994 I.
733 1958 1016 2007 agaricina.

759 2043 800 2074 α,
832 2030 1047 2079 agaricina

756 2101 835 2151 ββ,
866 2104 1075 2155 petiolaris

393 2176 578 2228 Vulgaris
608 2185 671 2214 est
700 2190 740 2222 α,
771 2179 812 2214 in
847 2177 1041 2228 Agaricis
1078 2178 1340 2228 (caudicino,
1379 2180 1596 2232 polymyce
1629 2183 1736 2231 etc.)

391 2262 486 2302 post
514 2250 771 2303 putredinem
800 2250 995 2290 induratis
1022 2252 1088 2302 (v.
1121 2267 1159 2291 c.
1195 2248 1415 2309 Quizdors,·
1446 2253 1602 2298 Haide,·
1631 2253 1735 2292 Soh—

392 2324 534 2363 lander
563 2326 711 2375 Berg).
763 2323 845 2373 ββ,
876 2327 1079 2365 ειτιιοιυτέ
1108 2340 1201 2365 cum
1231 2342 1271 2374 α,
1303 2329 1629 2373 convenientem,
1661 2327 1736 2367 sed

392 2400 605 2446 laxiorem,
635 2404 924 2448 ramosiorem,
962 2401 1062 2439 ultra
1092 2402 1259 2453 duplum
1289 2400 1507 2454 majorem,
1537 2402 1735 2440 rariorem

391 2476 615 2512 invenimus
643 2475 801 2526 petiolis
830 2475 1013 2514 deciduis
1048 2476 1338 2527 semiputribus
1377 2476 1571 2530 quercinis
1598 2478 1734 2514 incre-

392 2557 575 2586 scentem
605 2549 828 2600 (Traeinke).
877 2551 1059 2602 Augusto
1087 2560 1129 2588 et
1157 2563 1273 2602 seqq.
1306 2551 1380 2600 (In
1409 2564 1449 2596 οι,
1481 2551 1597 2603 stipes
1626 2549 1734 2588 haud

390 2633 483 2659 raro
512 2623 695 2673 pallescit
722 2634 791 2662 aut
816 2623 1003 2672 lutescit,
1034 2627 1274 2676 praesertim
1301 2624 1533 2675 deorsum).
