1928 3051
1439 194 1483 217 21

145 304 236 343 inde
266 305 662 355 semi-inspissato,
705 301 837 338 donec
878 310 1120 352 tempestate
1159 299 1317 337 favente
1348 298 1488 350 (quod

146 391 280 417 tamen
317 379 447 417 oculis
483 390 680 428 usurpare
720 375 904 413 nondum
943 375 1082 425 licuit)
1123 387 1294 425 prorsus
1332 373 1489 410 extrudi

143 456 287 505 possit.
344 453 493 506 Apices
522 452 680 497 obtusi,
711 450 941 496 rotundati,
972 450 1128 495 laeves,
1176 448 1339 486 deinum
1368 461 1489 499 rugu-

143 528 244 574 losi,
293 527 358 565 alii
393 529 661 565 minutissime
710 524 1098 577 glabro-papillati,
1146 522 1210 561 alii
1254 526 1490 562 tenuissime

144 605 326 654 pertusi,
373 602 488 639 multi
536 610 670 637 tamen
709 602 828 637 etiam
879 602 952 636 toti
989 598 1213 639 uniformes
1249 622 1302 629 —-
1341 600 1490 637 discum

145 679 402 723 constituunt
428 674 731 726 prominulum,
763 674 1012 725 regularem,
1045 674 1340 724 planissimum.
1381 676 1491 712 Stro-

142 765 207 789 ma
247 751 409 788 tandem
449 752 489 786 in
527 748 690 786 farinam
720 761 893 799 prorsus
927 748 1104 786 solutum
1134 748 1185 785 ad
1214 748 1336 785 latera
1366 748 1490 800 cylin-

141 825 204 863 dri
241 808 444 862 interdum
489 822 751 873 protuberat,
798 825 933 874 primo
974 831 1058 858 tum
1106 821 1266 859 obtutui
1307 835 1350 860 se
1387 836 1488 873 pro-

143 900 255 937 dens.
301 917 353 927 —-
398 898 446 936 In
487 899 643 935 cortice
684 897 771 933 Pini
819 899 971 947 passim
1009 895 1226 948 frequens3
1276 899 1486 947 perennis.

142 975 239 1011 Var'.
282 972 327 1022 β,
365 982 530 1024 praeter
569 972 706 1009 locum
742 971 914 1008 natalem
953 969 1090 1008 differt
1131 973 1250 1008 etiam
1286 972 1489 1008 Stromate

142 1050 328 1099 parciore
358 1047 505 1099 pallide
535 1045 773 1092 flavicante,
806 1045 1116 1097 splzaerulisque
1142 1045 1394 1091 subbifariis,
1426 1049 1489 1082 in-

144 1121 361 1160 ferioribus
391 1121 642 1173 imperfectis
670 1123 854 1158 astomis.
915 1121 1031 1157 Hanc
1062 1123 1291 1170 parciorem
1319 1120 1489 1171 legimus

142 1200 184 1234 in
219 1200 339 1235 ramis
374 1199 544 1234 mortuis
593 1195 762 1233 exaridis
813 1194 917 1232 Lecli
964 1194 1155 1246 palustris
1201 1193 1486 1246 <P0lsbr1cclz),

143 1271 370 1323 sphaerulis
400 1271 606 1322 plerisque
636 1270 850 1321 collapsis,
882 1269 1010 1307 modo
1033 1272 1194 1315 vacuis,
1224 1269 1350 1306 modo
1373 1267 1488 1306 albo-

141 1345 304 1390 farctis‚
343 1345 487 1396 Aprili.
545 1345 668 1382 Ludit
695 1359 777 1382 var.
811 1354 981 1396 utraque
1012 1344 1170 1382 ostiolis
1200 1346 1352 1395 passim
1380 1357 1488 1380 non-

139 1421 284 1467 nullis,
333 1423 574 1471 praesertim
626 1419 878 1466 lateralibus,
926 1420 1179 1457 tentaculatis
1227 1421 1252 1455 i.
1295 1432 1330 1456 e.
1381 1428 1490 1456 extra

142 1495 344 1546 pustulam
372 1495 556 1532 anomale
586 1495 861 1546 prolongatis,
900 1494 1092 1540 rudibus,
1136 1494 1390 1531 divaricans:
1433 1491 1485 1530 cf.

143 1583 248 1621 quae
280 1583 403 1621 supra
432 1569 540 1607 dicta
570 1578 676 1607 sunt.

219 1665 281 1702 63.
326 1667 362 1703 S.
401 1669 565 1703 micro
580 1679 597 1704 s
613 1676 756 1703 tonia.

146 1750 389 1789 ostiolorum
431 1751 551 1801 copia
588 1764 636 1789 ac
677 1751 894 1802 pusillitate
935 1752 1115 1801 insignis.
1183 1751 1349 1789 Praeter
1386 1752 1488 1804 ligna

144 1826 269 1863 Prnni
321 1825 560 1862 domesticae
597 1825 706 1862 arida
744 1828 862 1863 etiam
899 1828 941 1861 in
977 1828 1097 1863 ramis
1143 1825 1267 1862 alneis
1305 1827 1488 1866 deciduis

139 1901 234 1939 hinc
263 1901 357 1939 inde
389 1902 593 1946 occurrit,
626 1900 761 1951 paullo
792 1899 933 1952 major.
988 1900 1225 1947 Autumno,
1257 1915 1366 1940 vere.

244 2005 307 2054 64.
355 2007 392 2043 S.
432 2004 721 2056 pustulata.

141 2090 389 2142 o'plzaerulsze
416 2104 658 2129 numerosae
689 2093 955 2136 circinantes,
989 2091 1061 2129 sed
1092 2093 1271 2128 omnium
1301 2094 1487 2129 minutis-

141 2168 287 2211 simae,
335 2166 455 2204 oculo
485 2168 602 2204 etiam
632 2165 898 2203 mediocriter
926 2175 1079 2202 armato
1111 2168 1198 2203 visu
1229 2180 1351 2216 saepe
1382 2166 1487 2202 diffi-

141 2239 253 2277 ciles.
317 2240 512 2277 Ostiolum
548 2255 755 2277 commune
792 2254 895 2290 poro
931 2254 1012 2277 uno
1053 2250 1265 2290 pertusum
1295 2241 1485 2280 distincte

141 2316 330 2352 cernitur.
394 2315 545 2351 Forma>
581 2327 751 2365 prorsus
790 2316 922 2351 iconis
953 2311 1312 2369 floffmsmnismae.
1372 2314 1486 2353 Stru-

142 2400 255 2425 ctura
283 2387 436 2440 fungiHi
463 2392 621 2427 interna
650 2389 842 2426 ulteriore
872 2388 1125 2439 indagatione
1148 2392 1317 2427 omnino
1341 2389 1483 2440 digna:

139 2474 179 2501 at
225 2463 454 2501 ostiolorum
502 2462 812 2516 pmticularizmz
860 2463 1010 2501 exilitas
1050 2463 1231 2514 scalpelli
1269 2477 1399 2515 aeque
1437 2477 1485 2502 ac

140 2538 356 2576 oculorum
385 2541 543 2590 respuit
574 2541 803 2576 tentamina.
863 2537 927 2575 Ad
962 2520 1262 2577 ramos⁸siccos
1292 2538 1485 2579 Salicum,

141 2611 355 2663 Jnglwizi'is
385 2614 523 2664 regiae
551 2623 631 2652 etc.
663 2613 759 2651 hinc
791 2613 897 2650 inde.
957 2612 1181 2650 Autumno.
