1928 3051
505 307 594 357 529.
642 306 691 344 A.
733 305 785 344 G.
826 304 1173 356 erythropus.

767 393 807 424 α,
840 380 1039 415 terrestris

764 451 842 501 ββ,
876 454 1132 503 truncigenus

764 541 834 578 γγ,
867 527 1070 564 aestivalis

399 603 496 639 Var.
531 613 572 648 α,
604 600 932 646 memorabilem,
967 600 1085 639 nobis
1115 614 1280 654 quoque
1308 605 1576 649 rarissimam,
1617 606 1743 643 semel

401 685 552 713 tantum
582 679 622 712 in
650 674 856 714 umbrosis
886 675 976 713 udis
1003 675 1228 713 alnetormn
1253 690 1299 714 ac
1319 676 1608 728 populetorum
1632 679 1741 727 (Mo-

401 750 532 786 holter
573 748 729 800 Haicle)
769 752 949 787 invenire
988 752 1160 802 contigit
1199 749 1274 788 sub
1314 750 1567 802 Septembris
1606 751 1757 790 finem(

399 823 594 862 crebrior
631 823 708 861 hae
747 827 899 874 passim
939 822 1272 874 (Lehmgrubcm
1324 825 1608 875 Basalthiigel;
1651 827 1740 863 Mo-

399 897 532 934 lzolzer
561 897 716 941 Isaide‚·
748 897 1007 948 Kalena-ald)
1037 901 1216 936 occurrit
1243 897 1588 946 ssss,†':÷scici1laris
1606 929 1615 945 ‚
1646 899 1742 938 sub-

396 971 598 1017 radicata,
642 974 682 1008 in
722 971 958 1010 caudicibus
979 968 1188 1028 fagineis,
1241 971 1424 1010 betulinis
1457 984 1537 1011 etc.
1570 974 1738 1026 ephr-vla,

397 1049 524 1084 rarius
554 1046 604 1084 ad
633 1046 747 1084 basin
784 1055 1020 1084 truncorum
1059 1049 1248 1098 epigaea,
1296 1045 1494 1098 stipitibus
1522 1047 1616 1085 laxis
1645 1047 1742 1086 sub-

398 1119 588 1159 flexuosis
619 1120 815 1171 elongatis
846 1117 1193 1172 (3s4uneialibus)
1229 1120 1432 1171 eleganter
1459 1120 1644 1172 laeteque
1671 1135 1741 1159 ru-

400 1194 611 1239 bentibus,
652 1193 747 1244 pilei
786 1193 1143 1244 (sesquiuncialis)
1183 1194 1298 1232 disco
1325 1193 1524 1231 rubedine
1553 1197 1649 1231 item
1678 1194 1742 1231 di-

396 1269 478 1306 luta
518 1267 679 1314 afflato,
730 1269 906 1318 primum
944 1280 1154 1313 convexo,
1205 1267 1298 1304 dein
1336 1267 1536 1319 depresso
1573 1281 1621 1306 ac
1648 1260 1741 1319 plus

395 1345 528 1381 minus
569 1342 762 1380 distinete
802 1340 1052 1378 umbilicato.
1129 1341 1204 1379 Est
1239 1341 1306 1379 hic
1343 1340 1479 1381 forsan
1504 1342 1567 1380 G.
1603 1356 1741 1394 repens

395 1417 609 1454 Bulliardi:
657 1418 818 1466 stipites
858 1415 999 1453 saltem
1039 1415 1149 1454 laxos
1179 1415 1474 1454 decumbentes
1502 1419 1610 1454 varie
1637 1430 1742 1454 non-

395 1504 614 1543 numquam
653 1488 777 1528 flexos
816 1489 924 1526 haud
960 1489 1064 1526 adeo
1098 1492 1238 1540 inepte
1265 1500 1460 1541 repentes
1489 1490 1660 1530 dixeris:
1699 1501 1741 1530 et

396 1565 590 1617 profecto
629 1564 820 1610 lamellis,
874 1563 1119 1609 substantifi,
1171 1566 1308 1614 stipite
1354 1564 1491 1615 glabro
1537 1568 1739 1617 utrimque

397 1640 580 1684 sulcato,
624 1640 732 1676 intus
770 1640 887 1675 etiam
918 1637 1041 1686 (licet
1068 1640 1199 1675 minus
1229 1638 1446 1688 distincte)
1484 1639 1626 1677 villoso
1655 1649 1736 1678 etc.

397 1716 594 1766 proprior
622 1721 685 1751 est
712 1715 760 1761 τῇ
789 1727 824 1751 α,
863 1725 979 1763 quam
1010 1721 1054 1748 ut
1083 1715 1222 1762 specie
1251 1711 1545 1763 sejungendum
1574 1726 1739 1751 censea-

387 1802 498 1826 mus.
568 1789 691 1839 Viget
729 1789 839 1838 Sept.
879 1788 972 1824 Oct.
1035 1786 1165 1822 Porro
1203 1785 1394 1825 brevibus
1431 1789 1551 1824 etiam
1581 1787 1738 1825 descri-

395 1862 528 1900 benda
566 1865 677 1899 venit
705 1875 788 1900 var.
827 1875 897 1913 77⁷
930 1861 1089 1912 dignior
1128 1860 1303 1899 fortasse
1339 1871 1554 1911 separatu,
1593 1861 1732 1914 major,

394 1936 498 1988 pileo
535 1936 612 1974 bi-
650 1949 683 1974 s.
726 1935 922 1973 triunciali
958 1935 1212 1973 subeat-noso
1242 1934 1369 1985 fragili
1397 1935 1651 1985 planiusculo
1680 1935 1737 1974 a]-

395 2010 492 2048 bido
511 2010 720 2062 -pallente
750 2009 868 2048 disco
902 2023 1026 2060 saepe
1063 2007 1398 2054 subrufescente,
1439 2008 1606 2045 lamellis
1635 2023 1737 2047 cou-

394 2083 638 2123 fortiusculis
677 2084 840 2121 adnexis
883 2082 1194 2128 concoloribus,
1242 2081 1438 2134 stipitibus
1467 2092 1580 2121 extus
1608 2085 1737 2122 intus-

395 2172 473 2210 que
503 2158 679 2197 laevibus
718 2158 992 2197 subteretibus
1027 2158 1112 2206 (vix
1140 2156 1419 2208 compressis)
1447 2155 1736 2196 rufo-subca-

395 2236 558 2271 staneiS.
625 2234 837 2284 Frequens
874 2235 1066 2283 provenit
1101 2231 1195 2269 hinc
1233 2231 1326 2268 inde
1363 2233 1405 2267 in
1435 2231 1632 2284 sylvarum
1661 2245 1736 2283 pe-

393 2306 611 2345 netralibus
658 2308 888 2352 muscosis,
936 2308 1176 2357 praesertim
1221 2305 1462 2356 sphagnosis
1509 2305 1734 2356 paludosis,

394 2380 729 2432 subcaespitosa‚
780 2382 927 2420 Junio:
975 2383 1140 2432 parcior
1186 2389 1227 2418 et
1271 2379 1550 2431 imperfectior
1591 2382 1735 2418 iterum

393 2465 602 2494 autumno.

498 2528 586 2566 530.
633 2530 682 2566 A.
727 2529 780 2566 G.
825 2528 1121 2567 confluens.

760 2618 800 2647 α,
833 2601 944 2640 albus

759 2675 836 2723 Ββ,
869 2673 960 2732 ruso
980 2696 994 2704 -
1014 2677 1303 2713 cinnamomeus

882 2796 904 2806 χ
