1928 3051
444 257 459 282 1
466 242 517 282 68
989 266 1223 273 -·-——-

440 363 569 414 Saepe
597 362 787 399 novitatis
817 362 957 411 speeie
986 359 1131 398 oculos
1160 371 1180 396 e
1209 358 1432 411 longinquo
1452 357 1613 397 attrahit
1634 358 1780 412 fungus

440 435 567 474 formzi
587 465 595 481 ‚
627 435 801 480 statum,
837 433 1049 472 crescendi
1078 432 1203 470 inodo
1233 446 1428 485 perquam
1458 433 1675 476 variabilisz
1707 433 1781 474 sed

441 511 625 547 cominus
672 511 884 559 inspectus
930 506 1148 559 squamulis
1193 506 1288 559 pilei
1339 508 1566 559 stipitisquc
1616 507 1781 548 rubellis

437 596 653 634 numquam
692 594 778 619 non
817 591 905 619 tuto
945 580 1260 632 dignoscendus.
1324 581 1532 619 Lamelcae
1561 584 1601 619 in
1629 584 1782 621 nostris

439 658 768 695 constantissime
798 668 968 693 amoene
998 654 1139 693 flavae.
1199 653 1333 707 Stipes
1361 655 1536 702 solidus,
1571 655 1779 694 robustus.

437 730 609 782 'Vulgata
637 729 757 768 nobis
788 732 949 781 species
979 731 1019 766 in
1049 729 1168 781 sylvis
1205 733 1447 780 praesertim
1475 732 1678 778 aeerosis,
1719 742 1783 769 se-

440 817 511 843 cus
541 807 623 843 vias
651 804 865 842 umbrosas
895 813 976 842 etc.
1035 804 1111 841 Per
1140 813 1269 841 totum
1295 812 1545 842 autumnum.

543 878 630 927 482..
675 878 726 916 A.
769 877 823 915 G.
864 877 1085 916 luridus.

806 966 847 997 α,
877 951 1028 988 luridus

803 1024 848 1074 β,
881 1027 1056 1063 cinereus

805 1114 875 1152 ”W’
909 1098 1111 1137 rubescens

441 1173 574 1226 Stipes
612 1173 854 1220 mediocris,
908 1173 1215 1220 breviusculus,
1255 1172 1418 1218 firmus,
1469 1174 1565 1211 satis
1604 1185 1780 1221 crassus,

440 1251 548 1286 varie
577 1248 854 1293 adscendens;
886 1250 927 1284 in
957 1261 997 1294 α,
1027 1247 1185 1286 albidus
1214 1246 1279 1285 vel
1306 1246 1500 1298 pallidus,
1531 1248 1659 1285 rarius
1689 1247 1784 1286 sub-

439 1321 675 1373 fuligineus3
728 1324 769 1358 in
806 1319 854 1369 β,
897 1323 1177 1368 cinerascens;
1230 1324 1272 1358 in
1310 1335 1380 1374 γγ,
1419 1320 1585 1360 maculis
1618 1321 1783 1361 rubellis

438 1396 669 1448 majusculis
697 1394 891 1434 anomalis
920 1398 1158 1448 variegatus.
1216 1395 1277 1434 Ita
1303 1398 1345 1433 in
1372 1395 1451 1434 haic
1479 1406 1520 1434 et
1537 1395 1686 1448 pileus,
1716 1409 1784 1434 ce-

440 1473 631 1522 teroquin
658 1483 753 1508 mox
779 1469 956 1517 luridus,
986 1484 1082 1508 mox
1109 1470 1305 1522 pallidus,
1337 1483 1641 1523 nonnumquam
1664 1472 1784 1508 etiam

441 1553 551 1583 totus
578 1544 744 1583 sordide
772 1544 1012 1583 rubescens.
1072 1543 1243 1582 Habitus
1271 1555 1452 1583 ceterum
1480 1544 1600 1597 hujus
1629 1546 1785 1596 speciei

440 1618 782 1670 praecedentibus
812 1631 1022 1657 consonus
1052 1618 1158 1658 fere:
1200 1633 1278 1657 nec
1307 1628 1465 1656 statura
1492 1619 1621 1657 multo
1651 1621 1785 1656 minor

442 1702 518 1731 est.
575 1693 725 1730 Mixtae
754 1692 938 1729 incolunt
964 1707 1066 1732 varr.
1101 1707 1245 1731 omnes
1275 1704 1357 1732 tres
1388 1693 1516 1746 sylvas
1545 1696 1641 1730 item
1664 1705 1785 1744 prae-

441 1769 563 1818 cipue
591 1779 803 1813 acerosas‚
843 1776 1037 1805 autumno
1077 1767 1246 1810 humido
1281 1768 1542 1820 frequentes,
1583 1770 1692 1806 sicco
1719 1780 1783 1806 ra-

439 1843 634 1880 rissimae.
694 1841 945 1892 Septembri,
980 1841 1168 1880 Octobri.

544 1912 635 1969 483.
682 1914 732 1952 A.
775 1913 825 1952 G.
867 1915 1242 1954 luteo-virens
1279 1929 1444 1955 Nonts.

441 1987 492 2025 Α.
527 1986 572 2025 G.
603 1985 935 2040 subcaespitosus‚
964 1989 1069 2041 pileo
1100 2004 1265 2027 carnoso
1296 1990 1396 2027 duro
1425 1986 1676 2046 subflexuoso
1697 1989 1783 2043 pul-

440 2060 641 2098 verulento
671 2061 830 2099 sordide
859 2062 1099 2101 lucescente·
1117 2063 1263 2110 viridi,
1296 2064 1463 2102 lamellis
1493 2061 1684 2120 confertis
1713 2079 1783 2101 an·

440 2135 566 2185 gustis
605 2134 808 2172 sulvliberis
840 2137 1103 2189 pallentibus,
1149 2140 1283 2191 stipite
1330 2138 1454 2177 solido
1500 2152 1630 2176 crasso
1677 2137 1785 2175 brevi

440 2222 590 2245 sursum
622 2210 841 2247 incrassato
870 2212 1117 2266 squamuloso
1148 2224 1230 2250 toto
1261 2212 1365 2251 albo.

544 2283 737 2335 Ejusdem
776 2298 869 2323 cum
909 2287 1246 2326 antecedentibus
1285 2288 1364 2337 (N.
1405 2288 1686 2341 479—482.)
1723 2298 1786 2328 est

440 2356 611 2396 familiae
640 2359 852 2398 naturalis:
883 2373 905 2398 a
934 2360 1080 2413 quibus
1118 2371 1252 2400 tamen
1290 2362 1438 2401 affatim
1478 2363 1692 2404 diversunt
1711 2363 1785 2401 de-

441 2435 613 2483 scriptio
652 2442 792 2471 nostra
829 2433 1139 2474 demonstrabit.
1199 2435 1436 2475 Substantia
1481 2438 1595 2477 dura.
1653 2437 1784 2489 Stipes

442 2519 567 2557 saepe
596 2507 881 2556 brevissimus,
913 2509 937 2546 G
966 2510 1051 2548 fere
1081 2511 1205 2549 lineas
1233 2511 1380 2564 longus
1410 2512 1663 2563 totidemque
1693 2524 1785 2549 ver-

442 2593 510 2619 sus
545 2584 704 2631 apicem
743 2595 929 2631 crassus,
970 2587 1098 2623 rarius
1137 2585 1186 2622 ad
1223 2589 1382 2624 unciam
1412 2586 1502 2635 (vix
1529 2585 1656 2636 ultra)
1686 2598 1784 2637 pro-

443 2652 613 2701 ductus,
653 2655 906 2703 obconicus‚
952 2658 1177 2698 luculenter
1216 2660 1509 2711 squamulosus.
1574 2659 1785 2697 Lamellae

441 2729 504 2764 vix
531 2727 731 2778 adnexae,
774 2731 829 2770 ob
867 2732 1016 2783 pileum
1057 2736 1165 2772 varie
1204 2733 1445 2786 depressum
1479 2747 1783 2789 nonnumquam
