1928 3051
529 316 621 356 653.
667 317 718 356 A.
768 318 820 355 O.
860 316 1215 369 Epichysium.

792 399 832 438 oc,
866 391 1081 428 communis

788 463 834 512 β,
870 463 1141 516 icmadophila

789 551 858 590 Ὑγ,
890 538 1142 592 leucophylla

792 610 849 657 ὃὸ,
882 610 1179 665 ,ταιιιΙιορΙιγίΙα

426 685 684 723 Conveniunt
712 698 814 724 varr.
847 685 923 724 hae
951 699 1095 724 omnes
1124 688 1357 733 teneritate,
1389 685 1485 738 pilei
1513 685 1665 733 forma,
1697 693 1769 725 coss

423 760 509 797 lore
549 763 762 811 striisque,
809 762 887 798 situ
925 760 1121 812 (excepta
1151 758 1225 811 β,)
1263 761 1450 812 ep1xylo,
1490 774 1622 812 paene
1650 763 1769 799 etiam

423 833 712 884 magnitudine.
785 833 867 871 Sed
904 833 1097 872 differunt
1135 848 1175 880 α,
1216 844 1258 872 et
1294 832 1340 883 β,
1382 838 1492 872 notis
1521 838 1562 872 in
1591 833 1768 887 Synopsi

423 906 632 945 indicatis:
674 922 744 960 77,
787 917 828 946 et
857 906 917 955 aa,
948 910 1100 947 statui-fi
1137 907 1190 946 ad
1218 922 1259 955 α,
1298 907 1382 946 fere
1420 908 1643 955 accedunt,
1694 908 1769 947 sed

424 981 574 1020 distant
612 981 777 1019 lamellis
818 981 1090 1021 discoloribus
1126 1004 1179 1011 —
1216 982 1285 1019 illa
1320 982 1486 1028 albidis,
1535 982 1632 1019 haec
1663 983 1768 1020 lute-

424 1055 632 1094 scentibus
670 1056 861 1108 pileoque
899 1067 1110 1107 praeterea
1148 1055 1500 1107 subsquamuloso.
1577 1058 1768 1094 Nascitur

423 1128 468 1176 β,
511 1133 551 1166 in
597 1130 805 1181 uliginosis
853 1130 1095 1181 spllagnosis
1143 1133 1238 1167 satis
1283 1129 1476 1180 frequens
1521 1130 1764 1180 Septembri,

425 1203 622 1241 Octobri:
654 1203 830 1255 reliquae
860 1202 938 1252 (ὃὸ,
970 1205 1113 1252 rarior)
1143 1206 1185 1238 in
1213 1204 1366 1239 truncis
1396 1205 1513 1241 variis
1537 1202 1634 1241 hinc
1659 1203 1767 1243 illinc

422 1287 574 1315 aestate
603 1287 644 1315 et
670 1286 887 1323 autumno,
929 1278 970 1313 in
997 1275 1277 1313 Noveinbrem
1306 1288 1451 1327 usque.

527 1351 618 1401 654.
663 1352 714 1390 A.
757 1352 810 1390 Ο.
849 1349 1098 1402 Nigrella.

422 1425 626 1465 Pulchella
656 1428 834 1478 species.
893 1424 1024 1463 Pileus
1050 1427 1093 1461 in
1119 1426 1272 1463 nostris
1301 1422 1542 1475 plerumque
1561 1425 1764 1473 unicolor,

422 1504 648 1553 nigricans,
677 1503 826 1539 nitens.
885 1499 1019 1552 Stipes
1047 1498 1350 1545 subconcolor,
1388 1498 1576 1545 dilutior,
1606 1499 1768 1551 glauce-

423 1589 560 1615 scens.
628 1574 836 1613 Lam-ellac
875 1573 1069 1624 pallidae,
1111 1572 1274 1610 demum
1312 1572 1590 1611 subcinereae.
1648 1574 1768 1611 Amat

421 1650 514 1689 loca
540 1652 765 1702 graminosa
805 1646 1045 1685 sicciuscula
1073 1648 1210 1697 aprica
1239 1647 1302 1684 vel
1331 1646 1601 1686 subumbrosa
1629 1647 1694 1696 (v.
1725 1661 1765 1699 g.

422 1722 562 1761 Daubs
591 1722 828 1774 Holzplatz,·
867 1720 1174 1764 Heinrichsruh;
1216 1721 1424 1759 Dloholzer
1453 1720 1610 1772 Haide)
1650 1722 1763 1773 Sept.

422 1808 463 1836 et
492 1811 605 1849 seqq.

525 1870 617 1909 655.
663 1870 714 1908 A.
762 1869 814 1906 Ο.
855 1867 1083 1907 Serrula.

788 1956 828 1987 a,
858 1941 1107 1996 squamulosa

785 2014 864 2065 ββ,
893 2014 1042 2065 glabra

423 2091 553 2130 Color
600 2089 798 2142 pulcher,
845 2099 934 2127 atro
960 2111 979 2118 -
1006 2088 1221 2127 coeruleus
1269 2088 1354 2127 fere
1404 2090 1763 2141 (atramentosus).

421 2165 643 2217 Discrepat
670 2163 748 2213 ββ,
779 2164 889 2215 pileo
918 2162 1058 2215 glabro
1089 2165 1295 2201 teneriore
1317 2164 1651 2215 semipcllucente
1672 2164 1769 2203 sub-

423 2221 587 2278 striato.⁸
664 2240 847 2292 Utraque
891 2238 1090 2291 praticola
1138 2237 1418 2287 (Edelknabffi
1466 2238 1564 2275 hohe
1613 2236 1766 2281 Linde,-

423 2313 580 2363 Horke)
609 2313 713 2352 locis
742 2313 1010 2359 siccioribus,
1057 2313 1131 2351 sed
1160 2326 1303 2364 parum
1331 2312 1541 2365 frequens.
1597 2313 1712 2364 Sept.

525 2387 617 2425 656.
662 2388 714 2425 A.
756 2388 808 2426 O.
849 2386 1200 2439 atnethystea.

789 2476 829 2507 a,
862 2444 1111 2514 ametliyscea

785 2533 831 2583 β,
863 2536 1028 2577 incana,

421 2607 654 2645 Admodum
685 2622 897 2655 veremur,
929 2619 973 2646 ut
1001 2611 1165 2660 species
1197 2608 1492 2660 praecellenter
1519 2606 1688 2659 pulchra
1715 2606 1766 2644 ab

427 2680 473 2719 O.
496 2678 718 2736 farinacea
747 2682 904 2734 sejungi
932 2686 1027 2722 satis
1057 2692 1172 2721 certo
1211 2685 1355 2734 possit.
1414 2682 1631 2721 Criterium
1659 2684 1765 2720 enim
