1928 3051
1454 202 1502 239 29

156 318 279 357 gosus
318 315 503 358 apparet.
572 304 843 343 Primordialis
880 304 1027 357 fungus
1062 315 1173 344 totus
1204 319 1226 344 e
1252 305 1502 346 flavescente

155 378 312 427 fulvus,
348 380 636 427 mollissimus,
676 379 914 431 pellucens,
962 380 1110 418 ostiolo
1143 379 1224 433 jam
1263 391 1348 419 tum
1385 396 1503 434 prae-

157 464 274 492 sente
303 454 439 504 (unde
466 454 517 493 ab
545 457 738 506 opinione
768 453 819 492 de
848 457 935 492 eius
962 465 1055 493 ortu
1087 454 1301 503 Τοᾱεαηᾶ,
1344 456 1395 494 de
1426 457 1503 509 quai

157 527 327 566 diximus
364 529 416 566 ad
453 531 506 566 N.
538 529 608 575 50,
648 531 689 565 in
731 529 809 566 hac
837 526 1353 582 pluribusquespeciebus
1382 545 1502 582 pror-

157 616 226 641 sus
266 603 563 641 discedendum
601 615 692 641 esse
722 603 933 653 videtum:
981 604 1075 642 dein
1103 605 1308 655 paullatiln
1336 605 1501 644 indura-

157 686 223 714 tur
260 677 484 727 badiusque
522 676 590 723 fit,
640 680 796 714 micore
842 688 975 716 tamen
1021 679 1193 730 quodam
1242 678 1499 719 subdilucido

157 750 344 797 fulvello,
386 753 426 787 in
454 760 593 788 rostro
631 755 897 802 praesertim,
941 755 1157 789 etlamnum
1195 753 1385 791 residuo:
1428 755 1520 797 de->

156 838 265 862 mum
304 834 415 862 totus
461 827 627 876 rigescit
673 828 868 877 nigerque
908 825 1054 864 evadit.
1139 825 1297 864 Ostiola
1334 830 1499 876 statura,

156 901 349 937 tenuitate
378 911 425 936 ac
454 898 681 937 directione
714 899 894 937 ludentia
930 900 1144 952 aliquoties
1172 901 1287 939 valde
1317 903 1502 954 elongata

156 973 353 1025 simulque
382 983 542 1011 setacea
570 986 617 1011 ac
646 973 825 1012 flexuosa
852 974 971 1013 nobis
1000 977 1108 1013 visa:
1149 986 1191 1014 et
1218 979 1260 1013 in
1288 976 1367 1014 luic
1397 991 1502 1029 quo—

157 1060 234 1100 que
263 1050 402 1099 specie
431 1048 636 1099 globulum
668 1046 816 1098 <Stalai
846 1049 1068 1100 capitulum
1096 1053 1390 1102 mentientem)
1421 1055 1501 1089 cir·

154 1122 363 1160 rhulumve
393 1136 415 1160 e
443 1122 684 1174 mucilagine
723 1122 930 1161 durefacta
967 1123 1200 1163 flavidulum
1228 1128 1347 1178 apice
1377 1140 1500 1177 saepe

155 1201 350 1249 gestantia
385 1212 483 1234 vera
523 1210 615 1235 sese
665 1200 769 1235 ostia
815 1201 981 1237 seminis
1032 1202 1240 1238 emissioni
1286 1200 1499 1248 destinata,

155 1285 235 1310 nec
270 1273 408 1324 spuria
444 1286 490 1310 ex
527 1271 617 1323 ipsa
652 1271 820 1323 gelatina
851 1273 1080 1312 seminiferfi
1108 1274 1380 1326 appendicula
1409 1289 1501 1315 esse

157 1345 411 1385 confirmant.
440 1368 494 1375 -
519 1347 762 1399 Mycophila
800 1351 961 1399 spe-cies
1001 1348 1233 1387 Boletorum
1261 1354 1502 1402 praesertim

155 1421 226 1469 (B.
259 1419 414 1467 adusti,
445 1421 695 1458 versicoloris
724 1425 832 1473 etc.)
862 1434 1071 1477 utramque
1095 1427 1307 1476 paginam,
1338 1428 1379 1463 in
1398 1425 1501 1463 den-

155 1498 333 1535 sissimas
373 1498 524 1547 passim
564 1496 755 1535 cohortes
800 1508 1030 1549 aggregata,
1081 1498 1255 1537 obsidet.
1327 1501 1499 1538 Minime

154 1568 388 1622 infrequens
417 1571 541 1608 Mart.
572 1571 675 1622 Apr.
706 1574 836 1609 rarior
865 1571 946 1624 jam
974 1573 1103 1611 Maio.

257 1644 322 1696 89.
370 1646 409 1682 S.
451 1646 658 1683 stricta.

151 1718 297 1770 Rigida
327 1719 490 1756 demum
520 1729 561 1756 et
596 1718 767 1772 fragilis,
810 1720 919 1758 unde
956 1721 1103 1759 ostiola
1143 1722 1347 1760 interdum
1378 1726 1499 1762 semi-

152 1792 280 1831 fracta
310 1804 547 1832 occurrunt.
605 1795 653 1832 In
680 1795 881 1847 lignorum
910 1794 1088 1835 frustulis
1119 1799 1264 1845 siccis,
1307 1799 1381 1837 sed
1409 1813 1499 1851 par-

152 1869 264 1915 cior,
296 1867 392 1906 hinc
421 1869 529 1906 inde.
588 1870 755 1908 Aestate
785 1880 826 1909 et
853 1880 1061 1909 autumno.

255 1956 320 1994 90.
367 1945 408 1982 S.
451 1943 711 1983 cirrhosa.

521 2033 561 2065 α,
596 2021 716 2070 nigra

517 2092 595 2142 Ββ,
620 2090 744 2149 fusca

154 2164 310 2203 ostiola
338 2166 558 2205 admodum
591 2168 733 2216 rudia,
773 2168 1097 2221 superficialibus
1138 2174 1364 2222 conspiCua
1394 2173 1498 2210 valli-

150 2238 226 2278 bus
255 2239 439 2292 jugisque
478 2243 615 2292 (unde
651 2245 790 2296 spuria
819 2244 1031 2292 videntur,
1073 2243 1125 2283 cf,
1166 2246 1220 2283 N.
1251 2245 1388 2296 5305
1425 2246 1499 2284 sed

149 2312 316 2364 glabra:
355 2316 592 2368 sphaerulae
619 2318 709 2356 villo
740 2318 913 2370 quodam
942 2319 1056 2357 brevi
1083 2319 1349 2371 lanuginOSO,
1381 2333 1498 2371 spar-

150 2391 226 2425 sim
263 2391 303 2425 in
341 2389 501 2428 cirrhos
538 2390 744 2431 flexuosos
783 2393 891 2444 ligno
929 2394 1042 2431 molli
1070 2396 1370 2445 interrepentes
1399 2408 1497 2446 pro-

148 2461 339 2514 longam,
389 2464 592 2504 obductae
621 2488 672 2495 —
702 2477 885 2504 ceterum
924 2470 1075 2519 passim
1105 2479 1364 2522 aggregatae,
1403 2483 1497 2521 pas-

147 2539 225 2575 sim
254 2539 514 2585 seminudae,
561 2540 802 2593 plerumque
843 2552 977 2579 tamen
1005 2556 1170 2594 sparsae
1200 2553 1391 2596 totaeque
1421 2547 1496 2581 im-

148 2624 319 2650 mersae.
397 2613 517 2665 Eligit
564 2615 641 2653 sibi
684 2616 788 2667 ligna
821 2616 1029 2655 humentia
1065 2618 1284 2668 putredine
1319 2619 1498 2659 emollita

149 2687 333 2737 inprimis
368 2689 489 2739 pinea
517 2699 558 2728 et
587 2688 783 2741 abiegna,
837 2705 938 2744 quae
977 2695 1212 2745 neutiquam
1254 2707 1343 2732 rara
1379 2696 1496 2732 inco-
