1928 3051
468 209 542 249 ²88
1021 233 1257 239 —-—————

468 330 562 368 dum
601 329 764 367 humet:
820 337 916 378 post
967 327 1281 365 exsiccationem
1319 327 1479 377 rigens,
1528 325 1692 379 fragilis.
1749 327 1816 366 Ad

470 415 631 441 truncos
661 402 899 453 radicesque
934 409 1218 452 putrescentes
1251 400 1340 437 Pim'
1365 409 1406 438 et
1433 398 1589 438 Abietis
1616 403 1659 439 in
1685 401 1813 454 sylva-

470 481 558 516 ticis
588 477 738 528 ubique
766 475 952 527 vulgaris.
1011 475 1089 513 Per
1119 483 1250 512 totum
1279 484 1527 513 autumnum.

572 551 664 590 561.
712 550 758 588 C.
796 562 1004 601 rugosa.

467 621 714 681 Supersicies
744 633 978 663 constanter
1005 635 1165 675 rugosa.
1224 623 1344 661 Rami
1371 623 1435 662 vel
1459 623 1578 672 nulli,
1609 624 1673 663 vel
1695 626 1814 677 pauci

466 698 756 752 polymorplii,
788 702 829 737 in
855 699 944 737 aliis
979 700 1128 744 erecti,
1160 696 1433 745 subflexuosi‚
1464 698 1626 746 obtusi,
1658 699 1701 737 in
1729 699 1814 739 aliis

464 777 574 813 acuti
603 774 783 812 uncinati
811 772 1006 819 secundi,
1039 786 1234 810 cornuum
1263 773 1478 825 Antilopes
1507 772 1558 811 ad
1586 775 1709 813 instar
1735 783 1812 813 ete.

466 848 566 888 Inde
596 862 713 886 unam
743 848 957 886 alteramve
986 850 1221 886 varietatum
1260 848 1303 884 in
1343 847 1520 901 Synopsi
1547 847 1814 887 iudicatarum

466 937 546 962 nos
577 936 742 976 quoque
770 922 986 974 possidere
1015 921 1222 961 videmur:
1255 922 1327 961 sed
1351 921 1635 962 deficientibus
1658 922 1813 962 descri-

467 997 679 1050 ptionibus
718 997 817 1035 certi
854 996 909 1034 nil
947 996 1217 1035 determinare
1253 1010 1485 1048 possumus.
1569 998 1690 1035 Amat
1725 997 1814 1036 loca

468 1072 659 1111 umbrosa
687 1072 765 1110 uda
793 1074 1020 1123 graminosa
1050 1071 1274 1123 sylvarum,
1307 1084 1407 1123 quae
1428 1075 1604 1123 passim,
1637 1071 1712 1111 sed
1739 1084 1813 1123 pa-

466 1160 554 1184 rum
585 1146 777 1199 frequens
805 1145 950 1192 nobis,
983 1147 1124 1184 incolit
1152 1145 1388 1195 (Illeholzer
1419 1144 1574 1189 Haicle,·
1612 1146 1814 1184 ver-[ornes

473 1221 661 1264 Jchsser;
692 1219 949 1263 Eulenwald;
989 1220 1231 1271 Herrnhut).
1290 1220 1532 1258 Praesertim
1561 1220 1745 1272 Augusto
1773 1229 1814 1260 et

467 1294 716 1347 Septembri.

570 1369 662 1408 862.
709 1369 758 1407 C.
797 1368 1018 1407 mucida.

467 1444 640 1483 Statura
667 1443 800 1482 5—ss
827 1443 1049 1482 linearum:
1089 1443 1271 1496 exempla
1309 1442 1426 1495 plura
1453 1442 1675 1496 simplicia,
1713 1455 1814 1482 non-

465 1519 572 1557 nulla
598 1521 715 1571 apice
745 1532 984 1571 compressa
1010 1517 1190 1566 biFurca,
1227 1532 1358 1571 pauca
1383 1532 1556 1558 ramosa.
1612 1517 1744 1570 Stipes
1770 1519 1815 1557 in

464 1592 780 1647 perfectioribus
819 1592 924 1632 ssavo
943 1616 962 1623 -
981 1594 1252 1645 sulphureus,
1293 1595 1428 1632 nitens
1467 1594 1663 1645 (prorsus
1691 1603 1736 1631 ut
1770 1593 1814 1631 in

470 1668 515 1707 C.
546 1669 782 1705 cricetorum
820 1678 861 1706 et
889 1665 1156 1725 flavipecle),
1194 1668 1530 1719 selnipellucens:
1570 1668 1728 1707 clavata
1757 1668 1814 1706 al-

465 1742 579 1791 bida,
612 1744 728 1795 apice
755 1745 797 1780 in
825 1741 948 1794 fungo
977 1753 1143 1781 recente
1165 1743 1391 1781 concolore
1408 1773 1416 1789 ‚
1449 1743 1524 1782 sed
1550 1745 1656 1782 inter
1685 1746 1813 1782 exsic-

466 1821 669 1858 cationem
698 1821 777 1856 cito
808 1810 1094 1856 ochraseente.
1152 1818 1285 1856 Semel
1317 1817 1469 1865 modo,
1501 1817 1575 1857 sed
1603 1817 1810 1871 frequens,

468 1893 691 1946 sylvulosa,
729 1891 1027 1944 perFectissima
1054 1892 1159 1931 lecta
1187 1896 1344 1945 species
1383 1893 1607 1945 elegantula
1642 1893 1685 1930 in
1719 1893 1814 1945 ligni

467 1968 714 2018 (abietini?)
743 1967 872 2006 frusto
900 1968 1013 2018 putri
1041 1967 1202 2020 dejecto
1225 1966 1430 2006 suffocato
1459 1971 1594 2006 virore
1619 1967 1813 2007 sordente

465 2042 648 2081 obducto
680 2041 917 2092 (Moholzer
946 2041 1116 2093 Haide).
1173 2044 1358 2081 Finiente
1389 2042 1580 2080 Octobri.

570 2116 660 2155 865.
709 2116 757 2155 C.
799 2129 1007 2155 cornea.

831 2206 870 2237 a,
902 2192 1118 2229 communis

832 2264 867 2313 δ,
897 2266 1029 2321 major

467 2340 599 2393 Stipes
626 2343 668 2378 in
695 2341 868 2393 utraque
895 2344 937 2379 in
967 2340 1167 2379 clavatam
1195 2343 1346 2380 sensim
1369 2341 1593 2389 transfluit,
1624 2341 1814 2381 indistin-

467 2425 572 2455 ctus.
631 2414 667 2463 δ,
698 2416 801 2454 ultra
830 2415 997 2468 duplum
1024 2414 1155 2468 major
1183 2426 1270 2464 est,
1303 2430 1450 2456 recens
1479 2417 1714 2456 mollissime
1743 2430 1826 2470 ge-⁸

467 2489 658 2537 latinosa,
703 2504 778 2542 per
814 2493 925 2542 paria
960 2491 1202 2543 plerumque
1242 2493 1350 2529 circa
1395 2491 1574 2530 medium
1625 2488 1808 2539 connata,

467 2566 584 2615 apice
612 2564 781 2617 basique
810 2565 949 2604 libera.
1006 2567 1132 2618 Ligna
1161 2566 1354 2604 Pinorum
1391 2562 1599 2619 praeamat
1625 2576 1809 2620 utraque,

468 2651 552 2676 ΠΟΠ
579 2652 666 2677 rara
694 2649 886 2678 autumno
894 2669 904 2680 ι

533 2757 569 2802 Φ
