1928 3051
337 162 407 199 152

333 281 501 320 caudam
531 290 700 326 exeunt,
744 291 860 330 quam
890 280 928 315 in
960 288 1158 329 sequente
1193 277 1316 316 affini.
1373 279 1539 317 Mixtam
1568 277 1672 317 hanc

331 359 572 406 reperimus.
595 352 759 391 Len-edim·
788 352 945 390 cuidam
975 352 1125 397 flavae,
1158 355 1223 390 cui
1252 353 1441 403 sporulae
1463 363 1577 392 erant
1605 366 1673 391 or-

333 428 532 466 bicularos
570 428 706 465 medio
748 427 968 478 depressae
1005 426 1223 464 ecaudatae
1261 427 1389 465 laxae:
1437 440 1539 478 quae
1578 439 1675 465 num

333 502 418 554 ejus
449 502 671 553 primordia
709 499 950 540 constituit?
1001 500 1218 552 Cauligena
1254 501 1539 553 epiphyllaque
1578 514 1676 553 spe·

333 578 416 614 cies
456 575 648 628 frequens
685 576 790 614 lecta
829 578 870 612 iu
912 573 1028 612 Galio
1066 574 1264 627 sylvatico
1310 575 1413 614 locis
1457 575 1676 613 acclivibus

332 650 535 689 umbrosis
584 650 772 689 herbosis
810 650 940 698 (inter
980 645 1264 706 Rengcrsdorf
1298 661 1336 687 et
1376 645 1675 705 Cunnersdorf)

330 725 453 762 julio.

434 797 525 849 576.
573 798 618 836 P.
659 797 934 850 Polygoni.

334 871 533 925 Spornlac
560 872 946 924 ovato-oblongae,
978 870 1229 919 subbilobae,
1266 871 1539 911 tenuicaudes.
1583 870 1675 910 Geo-

333 946 472 984 mcruli
500 950 635 999 parvi,
665 947 833 985 rotundi
861 947 970 994 fere,
1003 960 1025 984 e
1056 947 1250 998 spadiceo
1272 949 1397 998 nigri;
1429 959 1552 998 saepe
1580 945 1675 984 Ure·

333 1020 424 1058 dinc
461 1022 586 1058 Betae
613 1019 659 1068 β,
698 1031 885 1074 tanquam
925 1020 1079 1058 macula
1115 1021 1298 1058 anomala
1337 1021 1504 1060 sordide
1538 1020 1677 1058 fusce-

333 1105 476 1135 scente
506 1096 769 1142 circumdati,
809 1109 886 1146 pro
915 1095 1180 1146 receptaculo
1211 1095 1289 1132 hac
1319 1104 1500 1132 utuntur.
1557 1094 1678 1132 Inco-

331 1169 375 1207 lit
404 1168 498 1206 folia
530 1169 733 1221 Poly-goni
766 1168 1001 1207 Convolvuli
1039 1171 1221 1208 arvensis
1259 1168 1548 1220 hortensisque
1582 1180 1677 1220 pas-

332 1245 405 1282 sim
436 1242 546 1280 haud
573 1243 824 1295 infrequens.
883 1242 1128 1294 Septembri.

435 1316 528 1369 577.
576 1318 620 1355 P.
663 1317 1022 1355 Aviculariae.

699 1407 740 1437 α,
770 1391 1033 1429 Aviculariae

697 1456 776 1514 ββ,
807 1463 945 1508 Fabae

339 1539 516 1591 Utraque
545 1552 628 1577 var.
660 1542 714 1577 ita
742 1553 938 1591 prorsus,
979 1549 1024 1576 ut
1060 1539 1273 1591 aliquoties
1314 1538 1391 1591 jam
1428 1541 1674 1584 monuimus,

331 1617 506 1652 nominis
536 1617 598 1653 sui
626 1613 791 1651 Ureclini
815 1617 1041 1652 intermixta
1065 1614 1258 1652 obvenire
1279 1613 1404 1651 solet:
1438 1627 1479 1657 a,
1503 1615 1544 1649 in
1565 1612 1677 1650 caule

333 1687 521 1740 foliisque
552 1687 756 1740 Polygoni
784 1687 1067 1731 fustuariae,
1107 1687 1375 1725 antecedente
1403 1689 1555 1724 rarior:
1595 1685 1675 1734 ββ,

335 1761 541 1814 cauligena
579 1765 697 1801 etiam
737 1772 865 1813 aeque
902 1775 950 1799 ac
988 1762 1193 1813 epiplzylla
1230 1765 1271 1798 in
1303 1761 1415 1799 l'icia
1455 1759 1568 1797 Faba
1599 1760 1679 1799 fre:-

335 1849 478 1888 quens.
521 1837 658 1882 Haec,
691 1838 942 1888 quantumvis
972 1836 1237 1874 alienissimae
1268 1836 1376 1874 sedis
1404 1835 1557 1881 incola,
1590 1849 1678 1887 spo-

334 1909 431 1946 rulis
462 1920 597 1948 tamen
623 1913 786 1947 nonnisi
813 1910 1017 1961 aliquanto
1048 1909 1270 1960 majoribus
1299 1909 1347 1947 ab
1379 1924 1419 1956 α,
1447 1910 1675 1961 discrepat:

335 1997 464 2036 aeque
502 1987 608 2022 enim
645 1996 853 2021 lllacrurae
881 1996 929 2020 ac
958 1983 1253 2035 subglobosae,
1294 1987 1600 2034 comparatione
1628 1984 1680 2022 ad

333 2060 598 2109 microscopii
627 2060 843 2109 compositi
871 2067 1084 2109 augmenta
1112 2056 1284 2096 maxima⁸
1311 2059 1514 2114 instituta,
1553 2058 1679 2096 incla-

335 2146 469 2170 ruere.
527 2133 672 2170 Forma
701 2134 820 2170 etiam
851 2133 1066 2183 caespitum
1097 2135 1136 2169 in
1159 2125 1270 2170 caule
1291 2132 1537 2183 petiolisque
1555 2132 1678 2170 linea-

335 2210 412 2252 ris,
444 2210 484 2243 in
513 2206 616 2245 foliis
646 2207 905 2253 orbicularis,
941 2216 983 2243 et
1011 2207 1128 2244 color
1156 2209 1269 2257 niger
1295 2227 1349 2235 —-
1375 2219 1547 2257 prorsus
1581 2219 1679 2245 con·

336 2291 497 2332 gruunt.
555 2281 738 2333 Utraque
768 2284 864 2319 item
893 2281 1013 2319 obvia
1041 2280 1286 2332 Septembri.

441 2354 530 2406 378.
575 2356 620 2393 P.
663 2355 937 2393 Circaeae.
1660 2405 1666 2407 Α

342 2428 541 2465 l‘'e1·rucae
568 2442 693 2480 saepe
722 2433 841 2467 etiam
871 2428 1103 2475 confertae,
1136 2431 1358 2466 circinatim
1376 2428 1439 2466 vel
1457 2427 1533 2466 alio
1553 2427 1678 2466 modo

339 2502 690 2542 subconfluentes.
749 2504 1044 2554 Copiosissima
1071 2502 1222 2555 ubique
1249 2505 1436 2554 provenit
1455 2502 1556 2540 haec
1585 2515 1681 2553 spe-

339 2579 422 2614 cies
451 2579 491 2613 in
517 2576 799 2623 Circaearum,
833 2579 1016 2628 inprimis
1042 2575 1086 2614 C.
1121 2575 1394 2622 intermediae,
1424 2575 1552 2614 foliis:
1583 2589 1676 2627 par-

339 2652 449 2697 cior,
491 2660 675 2690 ceterum
713 2664 886 2703 prorsus
925 2651 1067 2690 eadem
1105 2664 1152 2690 ac
1186 2651 1327 2690 itidem
1364 2650 1596 2703 epiphylla,
1637 2652 1678 2688 in
