1928 3051
365 94 435 131 128

360 214 434 250 nisi
471 219 664 248 autumno
702 208 1060 258 appropinquante
1102 215 1335 255 erumpens.
1404 202 1503 241 Var.
1533 201 1613 252 ββ,
1643 206 1698 242 si·-

360 285 541 326 millima,
582 282 656 320 scd
685 284 840 325 minor,
879 292 1043 330 sparsa,
1083 278 1259 316 solitaria
1285 298 1339 306 —
1365 279 1407 314 in
1439 272 1608 333 Trifolio
1639 290 1698 314 rc-

358 370 474 411 pentc
503 349 808 409 (Austaltshos)
837 352 961 391 semel
984 355 1145 389 iuventa
1166 350 1241 389 fuit
1267 361 1437 390 exeunte
1459 349 1701 403 Septembri.

464 429 552 468 561.
598 429 649 466 U.
687 425 1124 479 appendiculam.

725 515 766 545 α,
799 499 983 537 Phaseoli

725 573 772 622 β,
810 574 891 610 Pisi

366 650 465 689 Hab.
494 659 662 701 utraque
691 647 783 686 loco
815 661 914 694 suo,
945 660 1023 685 nec
1050 659 1160 685 rara:
1192 661 1233 693 α,
1261 645 1392 697 major
1420 654 1462 684 et
1488 647 1613 696 magis
1641 647 1703 682 in-

364 729 550 778 quinans.
625 724 767 760 Striuin
806 721 1057 774 sporularum
1097 717 1395 767 dimidiantem,
1436 733 1552 771 quam
1581 718 1633 756 ad
1660 732 1702 770 γ,

365 799 514 837 indicat
543 798 590 836 cl.
614 798 791 834 Pet-soon
807 824 816 842 ‚
847 798 889 833 in
915 795 961 844 β,
987 808 1150 847 quoque
1170 794 1488 833 observavimus.
1513 815 1565 823 —
1586 793 1706 831 Prae-

366 877 503 912 sertim
533 870 784 909 autumnalis.
1533 853 1537 855 ¹

472 945 561 983 362.
609 945 661 982 U.
702 943 1127 982 flosculosorum
1164 955 1338 981 NOBIS.

373 1021 416 1059 U.
451 1021 593 1071 nigra,
629 1018 853 1069 cac-spiculis
882 1019 1030 1070 sparsis
1058 1018 1218 1053 minutis
1246 1014 1499 1053 subt-otwidis
1525 1013 1707 1066 pulvina-

369 1097 440 1140 tis,
469 1093 631 1146 pulvere
659 1091 900 1137 laxiusculo,
939 1090 1108 1142 sporulis
1141 1088 1413 1144 inaequalibus
1442 1086 1706 1125 subcauclatis.
1758 1100 1760 1102 ’

474 1166 673 1219 Sporulae
701 1179 748 1203 ex
776 1175 896 1203 ovato
935 1163 1199 1215 irregulares,
1241 1176 1317 1214 per
1352 1165 1531 1201 examina
1567 1173 1710 1213 saepe-

370 1254 540 1279 numero
569 1243 743 1292 repetita
769 1240 865 1276 aliae
894 1251 1066 1289 prorsus
1095 1237 1335 1283 ecaudatae,
1377 1237 1474 1275 aliae
1512 1234 1712 1288 appendi-

371 1316 463 1353 culo
494 1314 605 1351 brevi
634 1316 775 1353 stricto
804 1312 1010 1364 praeditae
1040 1321 1277 1350 constanter
1296 1310 1417 1349 nobis
1437 1313 1559 1349 visne.
1601 1310 1713 1347 Prae·

371 1400 434 1428 ter
461 1399 579 1428 notas
608 1389 804 1427 hactenus
826 1387 1021 1425 indicatas
1043 1386 1247 1424 domicilio
1273 1387 1391 1424 etiam
1416 1384 1537 1423 distat
1559 1397 1581 1421 a
1603 1394 1714 1435 prae-

372 1463 557 1502 cedente.
615 1463 663 1500 In
691 1462 838 1514 plantis
868 1463 974 1500 enim
1002 1460 1233 1498 Hosculosis
1265 1459 1492 1512 epipliylla‚
1536 1458 1713 1494 Prenan-

374 1538 477 1575 them
515 1537 729 1581 muralem,
772 1534 1010 1574 Leontodon
1050 1533 1278 1571 czutzcmnale
1306 1534 1379 1578 L.,
1426 1532 1620 1570 Hieracia
1653 1545 1714 1568 sa-

375 1610 545 1648 handum
560 1611 608 1648 L.
634 1620 675 1648 et
698 1609 936 1663 sylvaticum
965 1611 1115 1660 passim
1145 1608 1286 1662 coiens
1314 1610 1476 1645 inventa
1503 1605 1592 1644 fnit.
1631 1605 1715 1643 Ac.-

375 1695 478 1725 State
508 1695 547 1721 et
574 1695 783 1722 autumno.

478 1758 569 1797 563.
615 1758 670 1796 U.
712 1759 950 1795 Ficariae
988 1769 1158 1795 Nonts.

381 1833 427 1872 U.
459 1848 479 1868 ε
515 1830 634 1868 badio
674 1833 898 1883 nigrescens
935 1828 1180 1875 subbullata,
1231 1827 1458 1881 caespitulis
1493 1826 1718 1881 majusculis

377 1906 566 1944 solitariis
593 1907 728 1958 parcis
757 1904 1032 1950 subrocunclis,
1063 1903 1232 1955 spor-ulis
1262 1902 1431 1940 rothclo
1449 1923 1464 1931 -
1483 1903 1610 1939 ovatis
1631 1899 1718 1938 sub-

379 1980 573 2018 caudatis.

482 2054 619 2092 Gauda
647 2053 898 2106 sporularum
927 2055 968 2090 in
995 2052 1073 2090 haic
1110 2064 1274 2104 quoque
1303 2053 1443 2103 specie
1472 2051 1536 2089 vel
1562 2050 1719 2089 brevis-

379 2132 477 2166 sima
504 2128 642 2175 adest,
681 2127 743 2165 vel
772 2127 891 2165 nulla.
964 2126 1165 2177 caespites
1194 2128 1289 2164 satis
1318 2129 1474 2177 magni,
1516 2124 1631 2162 valde
1660 2127 1721 2161 in-

380 2206 608 2254 quinantes.
674 2201 918 2240 Interuiedia
952 2201 1036 2237 fere
1066 2203 1201 2252 posita
1230 2209 1293 2238 est
1319 2199 1421 2238 haec
1450 2208 1590 2237 nostra
1617 2201 1723 2236 inter

380 2276 691 2314 antecedentem
729 2285 771 2314 et
809 2285 1073 2327 sequentem:
1125 2288 1148 2312 a
1186 2273 1331 2326 quibus
1380 2275 1448 2325 qui
1496 2273 1719 2324 discrepet,

382 2363 404 2387 e
435 2349 736 2388 characteribus
774 2349 900 2387 modo
935 2349 1061 2387 allatis
1102 2347 1289 2386 elucebit.
1356 2348 1517 2386 Crescit
1543 2349 1585 2384 in
1612 2345 1722 2384 utra-

383 2437 459 2475 que
499 2423 687 2462 foliorum
723 2423 890 2475 pagina,
935 2425 1052 2460 etiam
1092 2425 1133 2460 in
1160 2422 1347 2474 petiolis,
1400 2418 1626 2458 Ranmzculi
1654 2418 1721 2456 Fi-

384 2498 519 2534 cariae
547 2498 643 2535 hinc
671 2496 766 2534 Inde
788 2492 1083 2553 (Ja'nkenclotf;
1119 2492 1369 2551 Ullcmcloij)
1396 2495 1499 2533 locis
1527 2493 1723 2532 dumosis.

384 2570 509 2608 Maio.
