1928 3051
397 187 467 226 13‘3

399 311 454 347 ris
491 320 606 345 more
644 307 942 357 persistentior.
1020 300 1198 339 Pulveris
1246 299 1524 353 colorsaepe
1563 309 1736 341 saturato

391 395 546 420 aureus.
614 381 735 431 Ligna
772 379 893 429 pinea
930 379 971 413 in
998 375 1102 413 locis
1136 373 1345 412 suffocatis
1374 374 1634 413 humentibus
1664 374 1737 413 de-

391 458 522 508 gentia
553 462 730 504 occupat
760 454 922 503 species
951 453 992 488 in
1019 448 1253 501 reglonibus
1282 451 1434 487 nostris
1454 451 1618 487 minime
1637 461 1736 487 rara.

391 531 620 573 Autumno,
652 527 822 579 hyeme,
852 538 964 563 vere.

498 602 588 641 550.
635 602 686 638 Τ.
727 603 1060 652 nigrescens.

394 678 513 714 Amat
551 675 703 714 haecce
743 676 906 726 specics
946 674 1079 710 trunci
1107 671 1270 710 arborei
1300 673 1407 709 caesi
1436 670 1591 709 discum
1621 679 1737 708 vetu—

394 755 585 795 stiorem,
625 752 689 787 cui
726 763 763 788 e.
795 761 833 801 g.
872 751 913 785 in
953 746 1134 799 Caspium
1165 745 1329 791 Βεῖιιῖο,
1371 745 1507 783 Salice
1535 742 1626 781 alba
1657 754 1738 782 etc.

393 839 476 864 non
503 823 738 876 infrequens
777 826 927 875 passim
970 824 1216 860 innascitur:
1256 823 1386 858 rarior
1423 819 1587 858 obvenit
1615 820 1740 856 corti-

395 900 505 938 caIIS.
568 898 688 937 l‘illus
719 901 943 950 tegmineus
979 896 1175 951 delicatus
1212 894 1323 946 digiti
1354 903 1461 932 tactu
1490 894 1553 932 vel
1581 893 1741 931 levissi-

394 987 462 1012 mo
493 974 600 1012 illico
630 972 836 1011 abstersus
865 971 1066 1023 pulverem
1097 969 1277 1008 ostendit
1315 981 1446 1020 opace
1484 977 1618 1006 terreo
1638 990 1656 995 -
1675 965 1739 1003 fu-

396 1061 535 1095 scum,
577 1050 861 1098 nigricantem,
910 1045 1025 1084 solito
1065 1045 1254 1082 laxiorem
1296 1054 1337 1081 et
1373 1042 1649 1086 subtiliorem,
1692 1053 1738 1078 ac

395 1122 489 1159 inde
529 1123 706 1172 pessime
746 1123 1037 1172 inquinantem.
1075 1139 1128 1147 —
1162 1119 1326 1156 Parcior
1354 1118 1559 1168 reperitur
1585 1124 1742 1153 aestate

395 1195 552 1247 pluvia:
591 1193 775 1232 crebrior
803 1203 995 1230 autumno
1024 1195 1209 1244 inprimis
1240 1191 1372 1229 tardo·

501 1267 592 1319 587.
639 1268 690 1304 T.
733 1267 966 1304 dubium.

397 1343 562 1380 Praeter
593 1352 759 1379 truncos
789 1341 1002 1392 putridos,
1045 1353 1147 1392 quos
1181 1339 1278 1377 hinc
1306 1338 1401 1377 inde
1431 1337 1594 1384 incolit,
1634 1336 1740 1376 foliis

400 1430 590 1469 quoque,
629 1415 812 1462 ramulis,
863 1415 1030 1468 aliisque
1070 1414 1324 1466 corpusculis
1365 1414 1475 1451 humi
1514 1411 1741 1464 jacentibus

398 1504 701 1542 nonnumquam
729 1492 947 1528 increscit:
995 1489 1161 1527 formam
1204 1489 1391 1542 quidem,
1432 1487 1502 1526 ubi
1541 1485 1743 1539 ejusmodi

401 1565 539 1604 sedem
579 1565 748 1603 natalem
786 1564 865 1602 sibi
908 1563 1051 1615 elegit,
1103 1564 1209 1601 haud
1256 1563 1360 1602 adeo
1399 1561 1620 1614 regularem
1659 1572 1744 1598 ser-

400 1653 518 1684 vans,
560 1638 633 1677 sed
672 1638 813 1684 latius,
855 1638 1099 1690 oblongum,
1139 1637 1414 1682 subeffusum,
1453 1646 1494 1674 at
1522 1634 1743 1674 substantia

401 1723 606 1759 ceterum,
639 1712 799 1758 indole,
833 1712 974 1750 colore
1005 1726 1096 1750 cum
1119 1711 1242 1764 fungo
1265 1711 1423 1764 epixylo
1444 1722 1617 1762 prorsus
1642 1721 1744 1747 con·

401 1790 581 1826 veniens.
639 1787 862 1824 Autumno.

506 1860 593 1900 538.
638 1862 688 1898 Τ.
730 1861 894 1899 laeve.

408 1936 689 1986 Tegumcntum
719 1935 986 1973 laevissimum
1018 1936 1279 1972 tenerrimum
1314 1932 1746 1973 submembranaceum

403 2009 580 2047 albidum
608 2010 669 2048 vel
701 2009 894 2047 tantillum
923 2009 1072 2048 laesum
1102 2008 1303 2061 pulverem
1330 2010 1485 2059 promit
1504 2010 1599 2045 satis
1618 2007 1746 2044 laxum

405 2084 527 2121 dilute
555 2083 712 2121 flavum.
778 2084 928 2121 Forma
967 2083 1113 2135 fungus
1142 2082 1347 2134 epixylus,
1387 2084 1518 2119 trunci
1548 2083 1658 2133 pinei
1686 2083 1747 2117 in-

406 2158 519 2203 cola,
568 2158 716 2210 gaudet
759 2158 1066 2209 circumscripta
1115 2157 1319 2209 pulvinata
1368 2155 1743 2207 subselliiglobosa3

408 2235 609 2270 terrestris
647 2232 754 2270 idem
793 2236 995 2271 muscisve
1039 2235 1249 2283 inspersus
1295 2231 1555 2282 inaequaliter
1592 2228 1747 2268 eli-*usus

407 2316 493 2352 est,
545 2309 719 2357 tegmine
759 2307 928 2345 evanido
966 2306 1065 2345 fere.
1135 2304 1382 2357 Illagnicudo
1417 2304 1615 2343 ab‘uncia
1649 2318 1664 2341 1
1697 2302 1749 2340 ad

409 2386 458 2430 ΖΞ
496 2384 631 2419 variat.
710 2382 853 2418 Parum
893 2381 1083 2433 frequens
1128 2379 1350 2419 offenditur
1397 2380 1498 2418 locis
1547 2379 1746 2431 sylvaticis

410 2454 584 2493 humidis
634 2456 869 2505 (Dloholzer
916 2455 1050 2493 fluide
1087 2455 1184 2494 hinc
1222 2456 1381 2506 illinc):
1431 2453 1669 2492 autumnalis
1707 2463 1748 2491 et
1784 2448 1796 2451 ¹

409 2529 589 2567 vernalis.

511 2601 603 2653 589.
651 2604 702 2640 T.
745 2603 1154 2642 tuberculatum.

409 2674 562 2714 Initiale
596 2676 700 2714 villis
736 2678 866 2730 longis
907 2678 1090 2717 canditlis
1128 2676 1317 2717 mollibus
1352 2680 1545 2717 vestitum
1585 2686 1668 2725 est,
1707 2679 1746 2714 in
