1928 3051
383 154 435 194 50

384 274 434 312 nd
462 286 602 313 manus
631 273 781 319 l'uisse;
825 285 927 324 quae
959 274 1001 310 in
1029 271 1135 312 loliis
1166 272 1340 310 Pteridis
1367 273 1477 312 humi
1506 277 1724 325 prostratis

386 349 563 387 obtectis
591 359 612 384 a
640 351 730 384 nIve
767 346 925 384 vixdum
965 345 1097 384 soluta
1132 346 1373 397 putrefactis
1402 346 1528 387 semel
1555 347 1725 401 legimus

386 421 618 472 (Moholzer
646 419 805 471 IIaiclc)
833 423 997 457 ineunte
1025 419 1172 471 Aprili.

492 495 575 546 ¹43-
620 496 659 532 S.
701 494 1131 545 Acrospermum.

751 582 792 615 α,
824 569 946 619 nigra

383 642 558 681 Recedit
588 642 749 695 quidem
779 642 1029 695 aliquatenus
1057 652 1199 681 nostra
1221 655 1242 680 a
1265 642 1478 687 Todeane⁴2‚-
1506 647 1571 682 vix
1591 654 1724 682 tamen

386 731 569 770 cousque
585 747 593 762 ,
625 727 669 754 ut
689 720 880 755 varietate
896 746 905 763 ,
936 716 1087 755 nedum
1110 719 1267 771 specie,
1299 715 1565 770 disjungenda
1587 717 1724 756 videa·

386 800 463 829 tur.
533 791 703 830 Statura
741 790 804 846 {st
844 791 986 830 lineae.
1058 792 1201 829 Laevis
1249 800 1335 839 est,
1386 804 1548 842 sparsa,
1596 795 1722 844 nigra,

385 879 437 903 ne
467 865 541 904 sub
570 866 678 904 lente
709 866 872 918 quidem
899 864 1160 904 fuscescens:
1191 875 1231 902 at
1258 864 1417 902 macula
1444 865 1507 903 illa
1523 876 1725 905 atramen-

386 950 496 986 tosa,
538 940 687 992 lignum
725 943 832 979 clrca
869 939 1125 992 sphaerulam
1153 940 1347 992 singulam
1375 939 1616 994 plerumque
1647 942 1725 978 tin-

385 1027 507 1066 gens,
551 1014 735 1053 colorem
771 1014 913 1067 prodit
940 1024 1080 1066 aperte
1110 1014 1283 1053 fuscum.
1341 1014 1492 1052 Forma
1507 1018 1626 1069 *inter
1654 1028 1725 1068 cy-

387 1087 594 1126 lindricam
633 1098 674 1126 et
715 1088 927 1126 obovatam
963 1102 1040 1140 per
1087 1091 1222 1126 varios
1271 1087 1428 1126 vacillat
1472 1089 1644 1140 gradus:
1682 1091 1726 1126 in

386 1162 569 1214 plurimis
606 1173 741 1201 tamen
779 1177 802 1201 e
839 1165 957 1201 tereti
1001 1175 1161 1200 sursum
1208 1161 1520 1200 subventricosa
1561 1165 1726 1201 iconem

390 1236 619 1274 ‘fode-anam
649 1246 787 1275 exacte
815 1240 1057 1288 assequitur.
1114 1235 1233 1287 Apex
1264 1246 1443 1274 astomus
1472 1235 1726 1287 parabolicus

385 1313 509 1357 nitet,
551 1310 814 1362 utplurimum
842 1310 1154 1362 imperforatus:
1193 1312 1237 1347 in
1263 1311 1467 1349 nonnullis
1505 1320 1639 1349 tamen
1666 1310 1728 1348 di-

385 1387 534 1423 stincte
561 1384 734 1424 vidimus
762 1395 974 1437 pertusum
991 1415 1001 1432 ‚
1031 1388 1073 1422 in
1100 1387 1242 1437 paucis
1272 1387 1390 1422 etiam
1417 1383 1578 1436 globulo
1598 1398 1724 1437 parvo

386 1459 550 1498 sordide
595 1458 810 1498 flavicante
860 1459 1088 1497 luculenter
1133 1468 1392 1498 coronatum.
1465 1459 1621 1498 Contra
1646 1472 1725 1498 nec

385 1536 643 1586 strigositatis
662 1547 741 1571 nec
760 1533 975 1585 pulvisculi
991 1536 1203 1585 vestigium
1223 1533 1578 1572 animadvertimus
1588 1534 1723 1571 ullum.

386 1607 636 1660 Sphaerulcze
682 1607 779 1646 aliae
816 1610 978 1652 inanes,
1029 1607 1126 1645 aliae
1171 1602 1410 1659 mucilagine
1453 1607 1525 1646 suit
1562 1607 1722 1659 plenae.

384 1682 548 1721 Affatim
577 1683 784 1734 discrepat
811 1695 833 1720 a
870 1680 912 1719 S.
945 1679 1178 1718 Bombardti
1206 1681 1354 1733 papilla
1382 1681 1512 1727 null-fh
1554 1682 1725 1732 gelatinii

383 1760 426 1796 in
453 1757 635 1809 globulos
664 1756 970 1803 indurascente,
1020 1769 1100 1794 nec
1139 1758 1180 1792 in
1222 1755 1388 1793 farinam
1424 1754 1532 1793 illico
1563 1755 1721 1804 solut313

383 1841 596 1884 praeterea
623 1833 723 1877 situ,
756 1830 922 1875 colore,
954 1830 1117 1868 statura.
1175 1829 1266 1867 Una
1294 1839 1448 1867 tantum
1468 1831 1559 1868 vice
1581 1829 1724 1867 habui-

382 1920 474 1945 mus
503 1908 685 1957 speciem
712 1917 866 1950 raram,
897 1904 973 1943 sed
1001 1903 1224 1956 perFectam
1245 1907 1423 1955 satisque
1453 1902 1720 1956 frequentem,

383 1983 426 2018 in
452 1980 560 2032 ligno
592 1980 683 2016 Pini
710 1981 850 2032 piceae
878 1978 990 2016 nudo
1020 1976 1314 2030 (pammach),
1346 1978 1473 2016 Maio.

492 2058 577 2103 144.
625 2055 664 2091 S.
704 2053 1030 2106 cylindrica.

382 2128 560 2166 Nitidula
590 2131 766 2179 species.
810 2128 931 2180 Apes
948 2127 1252 2174 obtusissimus,
1284 2125 1585 2165 subtruncatus.
1631 2125 1724 2164 Glo-

385 2201 495 2239 bulus
523 2202 636 2241 albus
664 2201 906 2254 plerumque
935 2211 1072 2240 exacte
1102 2201 1364 2253 sphaericus,
1401 2200 1604 2238 interdum
1633 2201 1724 2252 plus

382 2280 514 2315 minus
542 2276 757 2315 difformis.
823 2275 872 2314 In
905 2276 1022 2328 lignis
1050 2278 1292 2327 praesertim
1317 2276 1444 2328 pineis
1472 2285 1514 2313 et
1542 2273 1726 2312 abietinis

383 2350 554 2403 dejectis
591 2351 764 2389 madidis
800 2349 1089 2402 putridissimis
1125 2351 1277 2402 passim
1317 2348 1526 2402 Erequens.
1600 2349 1724 2388 Omni

384 2429 475 2462 anni
506 2436 708 2478 tempore.

493 2500 578 2549 145.
627 2501 666 2537 S.
708 2499 862 2537 dubia
905 2497 1054 2538 Tode.

384 2572 448 2611 Cf.
493 2572 600 2609 Tode
631 2569 754 2629 sung.
793 2573 904 2611 mekl.
942 2573 997 2611 II.
1039 2586 1082 2624 p.
1113 2572 1179 2622 45.
1260 2569 1447 2609 Globulus
1493 2573 1535 2608 in
1570 2572 1723 2609 nostris

384 2647 624 2698 sphaerulae
652 2650 813 2698 apicem
840 2648 1042 2699 aliquanto
1062 2648 1187 2699 magis
1201 2675 1211 2694 ,
1241 2659 1289 2685 ac
1308 2647 1349 2683 in
1370 2643 1496 2698 figura
1517 2644 1722 2691 Todeana,
