1928 3051
463 205 538 258 296

460 325 571 378 jore,
619 319 868 376 isxg-unciali.
943 322 1077 360 Semel
1115 322 1222 362 hanc
1255 323 1428 363 strobilo
1469 325 1561 363 Pini
1599 326 1802 380 sylvestris

461 398 619 450 dejecto
655 406 815 435 vetusto
858 391 1136 450 (sirmam-ser
1182 397 1341 450 Berge)
1387 402 1580 451 gregatim
1625 403 1802 440 innatam

460 472 673 510 habuimus
710 471 846 509 medio
879 470 1061 510 Octobri.
1119 470 1319 510 Addenda
1358 472 1437 510 huc
1468 486 1594 525 porro
1623 488 1693 527 Ὑγ,
1726 478 1801 513 mi—

457 547 617 591 nutula,
651 559 740 584 2—
758 543 780 583 3
809 544 878 582 lin.
909 544 1048 596 longa,
1079 546 1213 596 stipite
1234 549 1453 585 tenerrimo
1475 546 1674 595 flaccido,
1706 548 1801 588 sub-

457 623 767 671 microseopica.
825 618 956 656 Picens
991 618 1243 671 ferrugineus
1281 630 1446 660 ovatus:
1487 622 1607 674 stipes
1643 635 1800 660 conco-

458 696 542 739 lor,
585 698 666 733 imo
707 694 884 732 dilutior.
950 693 1096 732 Rarior
1122 694 1303 741 videtur,
1344 697 1387 732 ni
1413 694 1519 733 forte
1548 709 1624 747 per
1652 695 1801 734 exilita-

460 780 541 808 tem
577 768 721 807 oculos
759 767 1024 808 observantes
1061 781 1184 820 saepe
1212 768 1351 821 fugere
1377 769 1557 820 putanda
1586 772 1658 808 sit:
1697 769 1803 808 lecta

457 847 499 882 in
527 843 731 882 umbrosis
760 843 938 882 humidis
979 842 1103 893 (Seer
1138 841 1444 895 Lelzmgruben)
1480 843 1631 883 acubus
1658 845 1798 896 pineis,

457 931 534 958 nec
562 918 764 970 abiegnis,
795 917 923 956 infixa.
978 917 1120 956 Medio
1150 916 1388 956 Novembri.

562 993 652 1044 887.
699 993 747 1031 L.
789 991 1067 1044 Ludwigii.

456 1068 618 1120 Fungus
654 1077 716 1106 est
753 1081 774 1106 e
811 1068 979 1105 maxime
1027 1065 1338 1118 polymorphis‚
1388 1068 1489 1104 mire
1525 1079 1603 1118 pro
1643 1065 1799 1106 diversa

455 1145 559 1180 aeris
587 1142 747 1194 locique
777 1141 1012 1179 conditione
1040 1144 1209 1179 varians.
1269 1140 1400 1192 Stipes
1428 1139 1660 1187 fistulosus,
1691 1154 1802 1178 nunc

455 1215 589 1255 brevis
617 1218 780 1255 strictus
809 1214 1024 1266 superficie
1053 1215 1229 1266 aequalis
1247 1245 1255 1261 ,
1289 1215 1445 1267 qualem
1472 1217 1599 1265 pinxit
1628 1214 1679 1252 el.
1704 1215 1799 1252 Per-

456 1304 551 1328 soon
578 1312 632 1319 —
659 1302 768 1328 nunc
815 1289 908 1341 plus
943 1291 1077 1327 minus
1118 1289 1193 1339 (ad
1227 1288 1360 1339 5-4
1399 1291 1538 1327 uncias
1574 1289 1799 1340 interdum)

456 1365 692 1417 elongatus,
733 1364 867 1412 laxus,
908 1362 1023 1402 valde
1061 1376 1185 1416 saepe
1219 1363 1463 1409 undulatus,
1510 1363 1799 1404 subflexuosus

455 1439 559 1490 (Ag.
594 1439 794 1490 Lepiotae
823 1434 1047 1493 flexipedis
1084 1437 1171 1477 fere
1210 1439 1261 1477 ad
1299 1440 1471 1490 instar):
1509 1451 1604 1476 mox
1640 1441 1796 1486 niveus,

453 1527 549 1552 mox
591 1516 876 1552 inem-nascens
909 1512 963 1550 ad
999 1511 1200 1551 rubellum
1242 1513 1525 1567 ¹subtendens,
1576 1522 1644 1551 aut
1686 1522 1799 1552 totus

454 1589 663 1636 unicolor,
702 1598 770 1626 aut
806 1587 893 1626 basi
938 1588 1014 1636 (an
1049 1601 1072 1625 a
1110 1590 1232 1626 meris
1271 1587 1464 1627 sordibus
1503 1586 1797 1640 aquatilibus?)

454 1663 748 1715 subnigricans.
808 1662 938 1699 Pileus
966 1662 1139 1712 plicatus
1166 1662 1230 1700 vel
1257 1661 1402 1707 laevis,
1439 1674 1564 1713 saepe
1592 1664 1700 1699 intus
1730 1674 1798 1700 ca-

453 1751 550 1785 vus,
581 1737 711 1774 colore
739 1736 842 1774 ludit
869 1749 992 1773 aureo
1010 1764 1019 1782 ,
1050 1735 1260 1784 aurantio,
1290 1738 1410 1774 etiam
1440 1737 1705 1787 (praesertim
1728 1734 1799 1773 ubi

452 1825 579 1864 aquae
607 1810 848 1863 aliquamdiu
877 1809 1137 1862 aequabiliter
1163 1812 1377 1849 immersus
1406 1809 1504 1861 Fuit)
1533 1822 1705 1848 amoene
1727 1823 1797 1847 ru-

452 1886 560 1924 bello
595 1908 648 1916 —
678 1882 823 1941 formai
859 1884 1326 1937 elongato-subconiczi
1360 1883 1610 1923 acutiuscula
1639 1884 1795 1933 (iconis

451 1960 686 2012 laudatae),
717 1970 785 1998 aut
814 1959 928 1997 ovata
958 1959 1156 1997 mediocri
1183 1958 1350 2003 obtusa,
1396 1968 1464 1996 aut
1493 1958 1669 1995 obovata
1698 1957 1796 1996 sub-

453 2035 628 2081 clavatfi,
670 2044 739 2072 aut
774 2034 950 2083 (rarius)
991 2032 1237 2084 subglobosfi
1274 2031 1410 2070 inflata
1450 2031 1653 2070 difformi:
1691 2046 1797 2084 apex

452 2110 560 2148 haud
587 2122 680 2147 raro
710 2108 873 2147 bifidus.
941 2106 1176 2145 Substantia
1213 2105 1328 2143 valde
1356 2106 1525 2157 fragilis:
1565 2115 1676 2145 totus
1705 2106 1796 2144 fun-

452 2197 525 2237 gus
553 2183 704 2236 glaber.
770 2184 969 2220 Nostrum
1010 2194 1101 2220 cum
1132 2179 1402 2231 Ludwigiano
1439 2193 1563 2217 unum
1598 2180 1796 2219 eundem-

453 2272 532 2311 que
570 2271 686 2305 esse,
729 2257 923 2308 exemplis
963 2256 1013 2294 ab
1050 2244 1181 2293 aulico
1220 2257 1313 2306 ipso
1344 2253 1558 2305 Ludwig-io
1598 2254 1796 2293 benevole

452 2335 696 2372 transmissis
725 2331 860 2370 edocti
889 2344 1052 2370 sumus:
1083 2331 1362 2381 suspicionem
1390 2337 1549 2376 autem,
1580 2341 1685 2367 anne
1713 2328 1796 2367 huc

453 2407 646 2446 trahenda
674 2410 726 2446 sit
753 2407 805 2445 L.
838 2404 1065 2450 Balciardi,
1094 2403 1234 2443 forSan
1263 2414 1305 2442 et
1332 2402 1556 2441 Dicksoni?
1589 2416 1710 2441 nemo
1739 2402 1796 2441 fa-

454 2483 528 2520 cile
557 2482 834 2534 descriptione
860 2480 1004 2519 nostr&
1040 2479 1221 2531 perlecta
1251 2481 1293 2516 in
1320 2480 1476 2516 crimen
1502 2476 1624 2515 nobis
1652 2490 1795 2515 versu-

451 2570 519 2595 rus
546 2567 622 2595 est.
678 2557 726 2595 In
764 2555 1004 2609 paludibus,
1051 2554 1189 2593 rivulis
1230 2553 1428 2605 sylvarum
1444 2581 1462 2599 ,.
1503 2565 1631 2604 aquae
1669 2564 1794 2602 saepe

452 2634 767 2679 semiimmersa,
813 2629 1019 2683 epiphylla
1058 2638 1138 2674 etc.
1167 2628 1355 2680 vulgaris.
1414 2628 1611 2666 Perennis
1637 2624 1738 2664 fere.
