1928 3051
1493 212 1514 226 η

1495 231 1505 248 Ι

176 327 299 365 pens,
339 313 769 366 ferrugineo-terrea,
801 314 895 352 dein
923 318 1185 367 nigrescens:
1225 327 1266 354 at
1304 318 1515 368 ingruente

174 389 369 440 gelatinae
398 392 634 440 eruptione,
682 399 822 426 cortex
851 402 976 440 super
1005 392 1148 441 quovis
1176 404 1279 441 poro
1316 393 1358 427 in
1398 391 1515 427 ostio-

174 462 253 500 lum
292 462 663 514 hemisphaericum
681 491 690 508 ,
729 462 891 513 globulo
922 463 1150 502 cirrhulove
1180 467 1427 515 spermatico
1455 467 1516 501 ni-

173 549 247 588 gro
293 536 456 574 demum
496 536 672 574 deciduo
709 536 844 587 paullo
883 547 982 588 post
1020 548 1284 586 coronatum,
1336 539 1516 590 plerum-

175 624 254 662 que
290 611 489 656 elevatur,
530 610 639 647 unde
677 609 799 661 fungo
835 610 988 648 effoeto
1028 621 1109 649 tota
1152 611 1276 651 facies
1319 613 1516 653 colliculis

174 686 261 722 istis
290 687 512 735 aggregatis
541 686 658 734 apice
686 686 864 734 pertusis
899 684 1064 722 horret:
1107 696 1170 723 est
1207 696 1342 724 tamen
1379 690 1513 734 etiam,

175 757 337 809 quando
367 758 567 808 mucilago
598 756 827 795 seminifera
855 758 977 795 solito
1007 758 1200 806 i'luxilior,
1227 761 1371 799 ostiola
1394 760 1517 798 effor-

172 844 282 867 mare
309 843 528 876 recusans,
567 830 675 868 illico
715 831 817 869 male
854 834 1066 883 inquinans
1097 836 1414 886 circumquaque
1443 833 1518 871 dif-

172 903 275 943 fluit.
335 903 500 942 Stroma
539 904 692 942 coloris
723 914 860 942 exacte
889 909 1010 944 terrei
1040 907 1243 957 (pulveris
1277 906 1518 959 Tubulinae)

173 981 270 1018 satis
299 988 578 1029 compactum,
610 981 717 1016 inter
744 988 906 1017 ventres
930 979 1234 1030 sphaerularum
1266 981 1392 1019 dense
1416 995 1516 1020 con-

173 1062 312 1104 gestos
342 1056 384 1089 in
412 1052 607 1090 lamellam
645 1056 931 1103 separatoriain
973 1063 1135 1092 tenuem
1172 1055 1518 1106 semipellucidaln

174 1140 484 1178 compressum,
518 1129 560 1164 in
588 1127 797 1178 pulvereni
826 1128 988 1165 tandem
1028 1141 1049 1165 e
1088 1129 1253 1167 sordide
1290 1129 1518 1182 ferrugineo

174 1200 520 1239 subvirescentem
550 1200 750 1239 dilabitur.
809 1201 1059 1253 Sphaerulae
1088 1207 1284 1249 omnium,
1316 1215 1519 1257 quotquot

174 1274 387 1326 hucusque
404 1275 592 1322 vidimus,
623 1275 738 1314 Facile
757 1279 961 1321 maximae,
993 1274 1062 1330 5[5
1079 1277 1203 1317 lineas
1225 1278 1392 1331 longae,
1427 1278 1518 1333 1s12}

171 1349 295 1395 latae,
327 1360 439 1388 arcte
471 1360 730 1402 aggregatae:
763 1351 987 1396 interdum,
1018 1354 1059 1388 in
1089 1365 1246 1390 summo
1277 1358 1518 1404 praesertim

173 1433 358 1475 turgore,
389 1424 676 1475 lageniformes
707 1425 836 1474 (collo
867 1427 1062 1475 imposito
1094 1430 1259 1478 ovatae)
1283 1450 1336 1456 —
1363 1438 1406 1465 ut
1425 1428 1515 1480 plu-

170 1501 316 1535 rimum
354 1508 487 1536 tamen
523 1512 545 1536 e
581 1498 667 1537 basi
703 1500 921 1537 rotundat&
961 1501 1096 1552 paullo
1137 1502 1280 1540 latiore
1319 1503 1517 1554 cylindra-

172 1586 291 1619 oeae,
332 1573 406 1611 sed
435 1572 490 1609 ob
519 1572 687 1611 densam
716 1577 948 1625 congeriem
976 1577 1017 1611 in
1045 1588 1169 1613 unum
1198 1576 1417 1615 alter-ullive
1445 1592 1516 1615 an—

170 1646 305 1698 gulum
356 1660 651 1698 compressae,
705 1647 803 1685 hinc
855 1648 1219 1699 subprismaticae3
1278 1664 1437 1689 sursum
1476 1655 1518 1690 in

171 1720 314 1756 collum
351 1729 458 1759 teres
497 1734 620 1772 saepe
649 1722 1018 1769 incurviusculum,
1058 1734 1236 1760 ventrem
1265 1724 1516 1776 longitudine

171 1793 450 1846 subaequans,
503 1806 761 1847 angustatae:
807 1810 976 1835 munere
1026 1810 1099 1835 suo
1141 1796 1356 1836 defunctae
1395 1810 1516 1852 atque

171 1868 400 1920 collapsae,
447 1869 589 1921 Hydni
618 1871 780 1909 subulas
808 1871 918 1908 haud
946 1875 1085 1922 inepte
1114 1872 1377 1912 aemulantur.
1440 1875 1516 1912 Ge-

173 1943 302 1979 latina
349 1947 454 1982 sueti
489 1944 639 1983 coloris
678 1945 811 1982 thecas
845 1956 975 1997 gestat
1017 1957 1206 1997 angustas
1232 1977 1241 1994 ,
1293 1946 1516 1986 fusiformi-

171 2018 366 2064 lineares,
397 2020 528 2056 minus
557 2021 734 2070 magisve
762 2019 987 2066 flexuosas,
1031 2021 1176 2072 quibus
1213 2023 1392 2060 inclusae
1430 2036 1517 2061 cer-

172 2102 322 2129 nuntur
350 2092 534 2143 spornlae
561 2090 852 2132 subrotundae.
910 2094 958 2132 In
988 2104 1134 2132 trunco
1172 2096 1390 2147 putredine
1419 2111 1517 2148 pae—

172 2180 224 2204 ne
265 2177 480 2204 consumto
519 2165 693 2204 abierim
749 2169 898 2218 (semel
936 2172 1055 2207 etiam
1096 2169 1269 2220 alneo?)
1316 2172 1357 2207 in
1398 2172 1517 2223 sylvis

175 2242 318 2291 opacis
348 2244 498 2290 passim
535 2245 761 2281 invenimus
799 2242 966 2294 fungum
1002 2244 1232 2290 vernalem3
1274 2244 1516 2283 adolescen-

174 2325 257 2350 tem
284 2315 457 2361 Martio,
489 2313 664 2353 feracem
704 2316 860 2367 Aprili,
904 2318 1102 2355 exoletum
1142 2317 1357 2369 (rigidum,
1400 2319 1518 2372 fragi-

173 2387 278 2434 lem,
310 2390 422 2438 poris
450 2388 680 2439 majusculis
709 2391 992 2442 irregularibus
1021 2391 1297 2443 perforatum)
1325 2394 1454 2432 Maio.

278 2475 344 2499 αι.
392 2464 431 2500 S.
466 2466 682 2502 citrina.

173 2535 367 2586 Exempla
395 2539 553 2574 iuniora
589 2547 772 2576 tomento
813 2543 933 2578 niveo
970 2551 1057 2579 tota
1093 2540 1285 2580 obtecta:
1306 2540 1519 2581 'adultiora

175 2608 378 2662 (margine
409 2615 608 2663 excepto)
638 2613 762 2650 laevia
793 2614 1007 2665 applanata
1036 2616 1287 2655 subrivulosa
1313 2617 1518 2668 eleganter

177 2685 340 2722 citrina:
380 2686 518 2724 senilia
545 2690 588 2724 in
615 2687 812 2726 ochreum
840 2699 1024 2741 vergunt.
1084 2688 1318 2729 Substantia
1350 2705 1517 2731 carnosa
