1928 3051
395 211 466 249 160

391 328 573 367 Medium
610 326 703 365 inde
731 326 897 376 fungum
924 333 1111 361 nostrum
1142 323 1248 360 inter
1274 335 1377 360 varr.
1410 336 1450 369 α,
1483 331 1524 360 et
1549 321 1600 371 β,
1632 323 1729 360 Per·

391 404 603 439 soonianas
640 413 730 438 esse
769 397 938 449 liquebit
985 417 1039 425 —-
1085 396 1194 447 pileo
1244 396 1482 448 cortinflque
1520 396 1571 434 ad
1609 396 1728 443 illam,

392 476 466 515 sed
503 475 666 513 lamellis
704 472 756 511 ad
794 472 897 509 lianc
935 472 1109 522 propius
1147 470 1427 508 accedentem.
1485 470 1597 508 Loca
1627 481 1732 509 amat

393 551 590 602 sylvarum
620 550 814 586 variarum
843 548 1021 597 gramine
1050 546 1193 582 vestita
1229 543 1418 582 umbrosa
1445 544 1507 582 vel
1535 547 1731 596 apricius-

393 623 480 661 cula
509 621 633 671 (Scor
654 617 957 670 Lehmgr1aehen‚·
989 617 1274 668 Basalthiigel,·
1304 617 1530 656 Sohlandcr
1551 617 1632 656 und
1651 619 1732 658 Lo'·

394 696 516 734 bauer
547 697 679 745 Bcrg)
709 695 838 732 lectus
867 693 1079 744 aliquoties
1109 694 1223 744 Sept.
1257 693 1354 730 Oct.

496 771 587 820 455.
633 770 681 806 A.
723 768 771 806 C.
813 766 1042 819 fulgens.

393 843 540 882 Bulbus
587 855 893 894 nonnumquam
938 841 1164 880 obsoletus.
1250 840 1456 878 Lamellae
1502 840 1730 889 distinctae,

392 922 488 958 satis
517 919 631 957 latae.
682 916 816 954 Pulvis
845 915 1045 955 seminalis
1075 928 1206 967 opace
1233 928 1420 954 croceus.
1462 914 1595 967 Sapor
1616 928 1736 966 pror-

394 1007 463 1033 sus
502 995 635 1039 mitis,
674 1004 752 1029 nec
787 990 982 1028 ullatenus
1019 992 1263 1028 amaricans:
1303 992 1344 1027 in
1381 989 1536 1028 deliciis
1565 989 1657 1027 inde
1685 987 1735 1026 ab

392 1067 638 1105 animalculis
677 1068 794 1104 variis
833 1064 1006 1103 habitus.
1074 1064 1122 1101 In
1151 1064 1351 1115 sylvaticis
1386 1066 1566 1102 acerosis
1606 1076 1734 1114 aeque

393 1155 440 1179 ac
469 1140 677 1178 frondosis
714 1139 808 1177 hinc
846 1139 956 1176 illinc
993 1140 1185 1190 provenit
1224 1140 1387 1189 species
1426 1139 1591 1175 minime
1618 1135 1736 1175 nobis

392 1228 494 1253 rara.
552 1213 693 1251 Medio
722 1222 931 1250 autumno.

498 1286 589 1337 456.
634 1286 685 1324 A.
729 1286 778 1324 C,
817 1284 1027 1323 flavida.

760 1374 800 1405 α,
830 1358 1013 1409 vulgaris

759 1431 838 1482 ββ,
869 1432 1072 1470 maculosa

398 1513 492 1548 Var.
535 1523 576 1555 α,
615 1521 638 1545 a
675 1507 857 1545 Pratellcz
892 1503 1135 1563 fasciculari
1174 1508 1427 1558 quantumvis
1468 1504 1739 1544 diversissimi

397 1583 577 1634 desuper
604 1585 666 1620 vix
695 1581 986 1633 distinguenda.
1044 1579 1176 1617 Pileus
1202 1580 1369 1618 maculis
1401 1583 1442 1617 in
1469 1579 1546 1618 hzic
1575 1592 1739 1631 quoque

397 1671 479 1696 var.
510 1657 728 1702 anomalis,
771 1655 846 1694 sed
873 1655 923 1692 ab
949 1655 1174 1692 amimalium
1208 1664 1362 1692 tantum
1391 1654 1571 1692 laesione
1600 1656 1739 1691 oriun-

399 1730 484 1778 dis,
524 1730 691 1769 sordide
720 1729 1070 1775 fuscescentibus,
1104 1728 1306 1766 interdum
1337 1741 1598 1780 conspersus.
1656 1727 1738 1765 Sci-

398 1818 466 1856 pes
493 1805 687 1842 deorsum
715 1806 932 1855 nigricans.
974 1802 1110 1854 Sapor
1137 1816 1262 1854 saepe
1290 1802 1404 1840 valde
1426 1816 1598 1842 amarus.
1639 1799 1741 1839 Vul-

397 1882 602 1931 gatissima
631 1880 812 1916 occurrit
839 1878 891 1914 ad
920 1887 1088 1915 truncos
1110 1880 1259 1923 varios,
1292 1877 1366 1915 sed
1386 1879 1571 1928 apprime
1593 1879 1741 1928 pineos

399 1963 441 1992 et
468 1953 692 1998 abietinos,
728 1965 804 2003 per
833 1961 962 1988 totum
991 1961 1240 1988 autumnum.
1298 1952 1395 1988 Var.
1425 1950 1503 1999 ββ,
1536 1953 1738 2002 speciosa,

398 2027 547 2079 major,
587 2026 763 2072 firmior,
811 2040 903 2064 cum
932 2028 1088 2063 micore
1115 2025 1273 2062 rubello
1302 2024 1430 2071 flava,
1472 2028 1650 2076 margine
1679 2027 1742 2075 pi-

399 2101 451 2139 lci
490 2101 738 2152 maculisque
779 2099 882 2137 disci
917 2099 1087 2150 pulchre
1135 2099 1308 2137 lateritio
1331 2121 1351 2128 -
1375 2098 1508 2137 rubris
1557 2100 1739 2149 insignis,

401 2175 474 2214 sed
501 2174 632 2212 form&
663 2184 868 2220 ceterum,
899 2173 1086 2220 lamellis,
1116 2173 1277 2219 habitu,
1310 2176 1414 2219 situ,
1446 2185 1610 2224 sapore,
1644 2172 1742 2210 loco

402 2250 526 2297 (item
564 2248 615 2286 ad
652 2249 793 2285 Pinum
834 2248 1015 2300 epixylo)
1054 2261 1146 2285 cum
1185 2262 1225 2294 oc,
1258 2249 1509 2285 conveniens
1535 2268 1589 2275 —
1614 2249 1743 2284 rarior

401 2325 605 2368 occurrit⁷
637 2322 850 2374 aliquoties
880 2320 1106 2370 (Moholzer
1135 2321 1285 2372 Haidc)
1313 2324 1476 2360 inventa
1495 2320 1740 2373 Septembri.

505 2397 597 2447 457.
643 2396 694 2434 A.
735 2396 784 2434 C.
824 2395 1157 2434 hemitricha.

403 2470 521 2508 Disci
549 2473 591 2507 lu
617 2470 723 2522 pileo
754 2470 869 2508 color
897 2470 1072 2508 difficilis
1101 2469 1302 2516 iudicatu,
1334 2483 1356 2508 e
1385 2468 1652 2520 subfuligineo
1678 2467 1743 2505 fu-

405 2556 620 2584 scescons:
659 2557 797 2595 margo
835 2544 926 2595 pilis
962 2547 1128 2583 sericeis
1168 2557 1306 2583 canus.
1364 2544 1515 2581 Passim
1552 2543 1652 2580 locis
1679 2544 1743 2593 pi-

405 2628 594 2655 netorum
624 2618 826 2657 sterilibus
854 2620 1034 2658 nascitur
1052 2621 1213 2671 species
1237 2617 1357 2657 nobis
1377 2630 1521 2671 parum
1538 2615 1743 2669 frequens.

406 2691 660 2742 Septembri,
693 2692 881 2749 Octobri.
