1928 3051
210 641 246 669 T.
270 638 365 668 VIII.

251 703 271 732 f.
296 703 324 733 6.

392 217 467 267 340

391 336 516 374 dilute
555 335 654 373 flava
693 337 844 374 sensim
882 348 906 373 e
943 333 1056 374 fusco
1100 339 1304 388 nigrescit.
1378 336 1526 376 Adulta
1563 337 1735 378 formam

392 419 627 448 constanter
654 408 925 460 pezizoideam
954 412 993 446 in
1021 411 1122 462 aquai
1163 413 1281 448 etiam
1320 411 1557 451 subtumens
1585 422 1732 452 servat.

391 483 440 521 In
469 483 570 521 foliis
600 482 784 521 deciduis
813 486 982 522 vetustis
1012 482 1194 520 betulinis
1221 487 1372 535 passim
1409 486 1470 535 (v.
1503 499 1540 525 c.
1576 485 1733 530 fluide,-

392 556 708 607 Scheipswiesem·
740 556 840 608 See)
870 555 1077 609 frequens.
1133 558 1286 610 Aprili,
1317 560 1444 598 Maio.

499 630 611 669 1015.
659 631 702 669 P.
745 631 1074 670 Verrucaria
1112 645 1282 672 nonis.

393 704 437 741 P.
469 717 611 755 sparsa
640 704 780 741 sessilis
808 706 962 742 minuta
991 706 1196 760 epiphylla
1223 706 1533 758 hemisphaerica
1560 706 1622 745 vel
1649 707 1734 745 sub·

391 775 617 834 difformis,
667 789 779 816 extus
816 791 853 816 et
892 782 1078 832 margine
1113 781 1347 819 hit-ciascula
1383 779 1582 825 candida;
1626 780 1733 819 disco

389 852 509 903 plano
527 874 542 881 -
561 854 859 891 corzvexiusculo
891 866 994 892 atro.

494 927 770 967 Primordialis
795 929 928 968 clausa
949 928 1197 982 bombycina
1219 932 1333 968 nivea
1351 939 1456 968 tota:
1490 930 1585 969 dein
1606 930 1734 968 discus

391 1004 431 1038 in
459 1012 732 1053 conspectum
762 1004 874 1042 venit
913 1004 1038 1042 dilute
1077 1008 1235 1051 virens,
1276 1004 1438 1042 demum
1473 1019 1520 1043 ex
1549 1005 1732 1044 olivaceo

390 1085 624 1115 atrescens:
655 1077 822 1116 hirsutie
852 1079 969 1117 simul
998 1079 1200 1130 paullatim
1223 1089 1508 1117 evanescente.
1567 1079 1731 1116 Diame-

391 1160 452 1186 ter
480 1155 570 1200 ⁷}—
591 1163 606 1188 x
638 1151 780 1190 lineae.
849 1153 914 1190 Ad
944 1153 1203 1205 IPIyrothecia
1235 1153 1343 1190 Tode
1385 1156 1590 1204 pertinere
1618 1153 1733 1192 vide-

391 1234 479 1262 tur:
511 1224 648 1264 discus
678 1229 784 1263 enim
813 1227 1118 1277 receptaculum
1147 1227 1340 1265 seminale
1369 1236 1432 1266 est
1460 1230 1574 1265 initio
1604 1227 1733 1266 lento·

390 1298 612 1345 viscidum,
652 1310 799 1350 postea
838 1301 1081 1339 induratum.
1144 1301 1426 1339 Verrucariam
1466 1304 1622 1353 primus
1660 1301 1733 1340 ad—

391 1382 560 1424 spectus
598 1373 810 1412 suaderet:
855 1388 994 1412 verum
1033 1385 1197 1427 praeter
1233 1376 1490 1414 villositatem
1528 1375 1731 1428 juniorum

388 1446 503 1485 locus
543 1450 661 1485 etiam
701 1451 792 1500 ipse
830 1449 971 1487 natalis
1007 1449 1164 1496 obstat,
1207 1459 1367 1488 crustae
1396 1450 1458 1488 vel
1486 1450 1734 1502 possibilita—

391 1530 474 1560 tem
503 1521 735 1561 excludens.
793 1523 953 1561 Etenim
982 1524 1025 1561 in
1053 1523 1156 1562 foliis
1186 1527 1429 1563 exesissimis
1458 1524 1736 1564 subconfectis

392 1597 650 1633 cucumerinis
679 1597 1013 1646 (Heinrichsruh;
1048 1598 1309 1650 Gerstmann)
1338 1598 1596 1652 Frequentem
1623 1602 1736 1638 inve-

390 1673 522 1709 nimus
550 1671 747 1722 Augusto.

501 1744 612 1782 1016.
660 1745 704 1782 P.
745 1754 926 1783 atrata.

391 1818 516 1857 Extus
544 1832 851 1871 nonnumquam
878 1821 1083 1872 rugulosa.
1135 1822 1329 1859 Nascitur
1356 1820 1407 1859 ad
1435 1821 1538 1873 ligna
1563 1823 1733 1868 cariosa,

394 1894 561 1944 stipulas
589 1893 770 1946 putridas
798 1893 893 1931 hinc
922 1895 1016 1933 inde
1045 1896 1107 1944 (v.
1140 1909 1177 1934 c.
1210 1895 1598 1938 M0120l2e1·}1aidc;
1633 1895 1735 1933 Cun-

395 1964 620 2023 nersclorf).
677 1970 814 2015 Vere,
845 1978 1010 2008 aestate.

501 2055 613 2094 ¹0¹7·
660 2044 705 2082 P.
748 2056 1071 2094 compressa.

392 2117 538 2168 Sparsa
566 2120 851 2169 gregariaque‚
884 2117 991 2156 haud
1018 2130 1110 2154 raro
1141 2115 1333 2154 conferta.
1375 2116 1551 2154 Humida
1572 2129 1736 2155 recens-

392 2204 470 2242 que
511 2190 773 2238 orbicularis,
824 2201 936 2230 extus
981 2174 1223 2242 praesertim
1269 2191 1460 2230 distincte
1504 2190 1732 2238 rufescens‚

393 2264 509 2304 disco
538 2265 789 2317 planiusculo
819 2265 1079 2304 obscuriore:
1126 2268 1234 2304 sicca
1263 2279 1428 2318 quoque
1457 2265 1538 2303 luci
1565 2265 1738 2304 obversa

392 2342 586 2378 micorem
619 2340 833 2392 quemdam
859 2339 992 2377 rufum
1023 2340 1225 2386 ostendit,
1264 2340 1356 2391 plus
1393 2342 1523 2378 minus
1554 2349 1735 2378 ceterum

396 2426 642 2465 compressa.
698 2414 746 2451 In
773 2415 890 2466 lignis
919 2417 1036 2453 siccis
1065 2414 1201 2462 duris,
1244 2417 1361 2452 etiam
1393 2416 1585 2461 cariosis,
1616 2413 1736 2451 arbo-

393 2501 481 2525 rum
511 2487 795 2527 frondosarum
825 2491 977 2540 passim
1007 2487 1168 2538 (Haide
1196 2490 1305 2540 etc.)
1334 2487 1552 2540 frequens:
1592 2500 1736 2526 vema-

393 2563 439 2600 lis
468 2564 565 2600 item
593 2572 634 2600 et
661 2562 876 2601 aestivalis.

497 2648 603 2675 ons.
660 2638 870 2675 Pertinent
898 2636 979 2674 huc
1006 2649 1162 2688 porro:

498 2723 533 2748 a.
582 2710 626 2747 P.
661 2710 865 2761 triangulo
886 2710 1099 2748 -ᾱειιεαια,
1166 2711 1210 2747 P.
1243 2709 1397 2749 sessilis
1435 2708 1570 2761 glabra
1605 2722 1735 2760 cupu-
