1928 3051
450 223 502 268 44

456 337 637 388 Vulgaris
667 346 825 388 prostat
855 351 922 383 α,;
955 337 1041 388 'qua
1079 338 1208 374 rarior
1245 336 1431 388 quidem,
1477 346 1654 376 attamen
1691 339 1789 378 hinc

450 411 544 448 inde
574 411 716 457 obvia,
749 410 920 448 liabetur
949 424 989 462 γ,
1020 431 1073 438 -
1100 420 1269 461 utraque
1297 410 1423 448 niodo
1452 411 1616 451 densius
1645 412 1790 452 laxius-

445 499 497 522 -ve
533 495 749 536 congesta,
796 484 921 523 niodo
970 483 1201 535 subsparsa.
1269 482 1316 532 β,
1357 484 1482 522 semel
1528 494 1682 523 tantuin
1721 487 1790 536 (in

449 558 603 596 ramulo
643 558 798 597 arb0r1s
836 558 1059 597 frondosae
1088 558 1139 596 ad
1174 554 1422 614 Ullersdms,
1460 559 1639 610 Martio)
1668 560 1786 608 lecta,

450 631 666 671 confertim
698 632 860 685 quiclein
890 632 1121 671 fasciculam
1152 635 1354 683 eruinpit;
1395 632 1468 671 sed
1497 643 1692 672 stromate
1720 649 1788 685 ge-

450 707 567 743 nuino
609 719 775 752 carens,
824 706 1208 759 sphaerularumque
1237 706 1367 744 forma
1397 719 1444 745 ac
1473 707 1692 758 superficie
1720 722 1790 746 va-

446 783 577 818 rietati
605 781 784 832 vulgatae
813 783 931 819 nimis
961 784 1215 833 propinqua,
1257 783 1399 831 specie
1442 785 1621 834 sepaxari
1656 785 1788 822 neuti-

448 867 565 907 quam
595 865 749 906 potest.
779 876 832 884 ——
858 857 977 892 Varr.
1011 869 1051 904 α,
1083 869 1123 907 γ,
1155 865 1397 906 perennant.

554 928 640 967 130.
687 931 723 967 S.
763 932 960 967 tristis.

810 1002 889 1052 ββ,
913 999 1034 1059 fusca

445 1076 693 1129 Sphaerulae
720 1087 851 1124 atrae,
899 1077 1092 1130 globosae
1121 1086 1188 1116 aut
1217 1077 1463 1125 subovatae,
1500 1076 1784 1123 laeviuscuhe,

446 1153 638 1190 tantillum
667 1152 882 1203 rugulosae
913 1152 972 1190 vel
1002 1155 1269 1191 minutissime
1298 1152 1536 1204 granulosae
1554 1181 1563 1197 ,
1596 1166 1673 1188 non
1701 1152 1788 1189 col·-

444 1225 579 1277 lapsae
606 1247 659 1254 ——
686 1224 860 1263 „cubiculo
901 1227 1003 1275 (nec
1040 1226 1176 1277 ligno)
1213 1228 1580 1264 semi-immersae
1608 1225 1788 1264 insident

443 1302 588 1352 insigni
625 1301 896 1339 crassiusculo
933 1301 1294 1352 plloso—strigoso
1334 1299 1467 1337 fusco.
1525 1300 1637 1337 Varii
1664 1300 1786 1338 arbo-

441 1388 531 1411 rum
558 1373 848 1413 frOudosarum
875 1375 1038 1421 ramuli,
1078 1384 1118 1412 at
1147 1378 1266 1412 etiam
1295 1373 1399 1425 ligna
1425 1373 1533 1411 nuda
1563 1376 1667 1411 carie
1697 1387 1788 1412 exe-

398 1486 402 1489 .
443 1451 598 1487 sissima
633 1451 742 1488 sicca
780 1448 954 1486 abietina
994 1459 1074 1486 etc.
1115 1451 1298 1500 speciem
1337 1450 1489 1499 passim
1526 1446 1663 1485 fovent
1695 1450 1785 1484 niti-

258 1679 336 1711 Tib.
356 1681 414 1712 IX.

442 1522 599 1569 dulam,
648 1537 766 1575 quam
805 1523 1032 1574 sphaerulis
1070 1523 1154 1561 aliis
1194 1525 1354 1568 vacuis,
1405 1522 1490 1560 aliiS
1525 1522 1694 1574 gelatina
1724 1524 1786 1558 in-

441 1597 616 1649 spissata
645 1598 814 1635 ceracefi
846 1598 1016 1635 candida
1046 1597 1183 1635 farctis
1211 1599 1440 1635 invenimus
1468 1596 1607 1643 Maio,
1647 1596 1781 1634 Junio.

550 1670 632 1709 131.
677 1673 716 1709 S.
759 1672 918 1709 exilis
957 1685 1125 1709 NOBIS.

441 1744 483 1783 S.
515 1756 669 1782 astoma
698 1746 959 1782 minutissima
989 1758 1103 1790 acra,
1133 1744 1226 1796 pilis
1253 1745 1402 1797 sparsis
1429 1742 1578 1795 patulis
1608 1743 1781 1797 hispida,

441 1834 460 1856 ε
479 1804 623 1876 formti
650 1817 814 1871 globoso
833 1842 852 1849 -
871 1819 1056 1869 depressti
1087 1819 1177 1856 dein
1207 1818 1381 1870 collapso
1399 1840 1416 1847 —
1434 1833 1625 1855 concava.

521 1896 713 1933 Ouinium
741 1897 928 1932 minima:
965 1894 1085 1932 oculo
1115 1896 1259 1931 inermi
1288 1896 1349 1931 vix
1377 1892 1567 1939 visibilis,
1606 1893 1782 1944 punctil-

437 1968 518 2007 lum
549 1969 804 2008 exilissiinuni
833 1968 1015 2007 referens
1033 1998 1041 2014 ,
1079 1971 1196 2007 etiam
1237 1982 1314 2019 per
1342 1967 1492 2004 lentem
1519 1965 1680 2005 modice
1707 1980 1779 2004 au·-

438 2053 598 2095 gentem
628 2043 907 2095 Sphaeriolain
942 2043 1212 2080 Pezizulamve
1249 2044 1427 2093 exiguam
1462 2041 1655 2079 ostendit.
1714 2041 1781 2078 In-

439 2120 586 2155 teriora
619 2120 752 2155 rimari
788 2120 829 2154 in
869 2117 1041 2155 tantulae
1076 2116 1193 2155 molis
1222 2115 1389 2166 fungillo
1419 2128 1500 2152 non
1527 2115 1665 2153 licuit:
1703 2129 1774 2154 ve-

436 2206 526 2229 rum
554 2190 680 2230 forma
708 2192 956 2243 historiaque
986 2191 1267 2243 Sphaeriarum
1295 2192 1433 2242 generi
1458 2188 1668 2235 indubium
1693 2192 1778 2226 vin—

437 2266 588 2304 dicant.
667 2267 820 2304 Paucas
864 2266 1036 2304 vidimus
1082 2264 1315 2317 sphaerulas
1369 2263 1547 2316 juniores
1592 2262 1777 2300 nonduin

437 2340 659 2392 collapsas;
692 2341 906 2392 cupulares
935 2353 1106 2392 prorsus
1135 2339 1388 2391 pezizoideas
1416 2338 1537 2390 longe
1558 2337 1773 2388 plurimas;

433 2424 610 2454 astonias
637 2429 803 2462 onmes,
835 2415 927 2467 pilis
955 2413 1224 2467 rigidiusculis
1257 2413 1404 2465 patulis
1434 2412 1676 2464 adspersas,
1709 2424 1777 2450 ce-

435 2498 565 2526 terum
601 2489 747 2528 laeves.
823 2490 993 2527 Formae
1029 2491 1275 2534 mutatione,
1324 2488 1507 2532 laevitie,
1556 2485 1774 2537 pusillitate

432 2574 456 2598 a
493 2562 533 2600 S.
573 2564 723 2600 hirsutzi
763 2563 809 2611 β,
851 2563 1134 2602 discernenda.
1220 2562 1536 2600 Observavimus
1580 2559 1685 2596 lianc
1725 2558 1775 2596 ad

432 2636 582 2688 lignum
611 2637 720 2675 humi
749 2637 886 2687 iacens
915 2637 1126 2675 obtectum
1155 2640 1378 2687 semiputre
1409 2633 1553 2686 Populi
1582 2633 1775 2670 tremulae

433 2711 668 2758 (Molzolzcr
698 2710 854 2762 Haicle)
883 2711 1179 2757 abundantem,
1220 2712 1334 2762 quasi
1361 2719 1501 2749 satam.
1561 2707 1743 2746 Octobri.
