1928 3051
1460 152 1511 202 95

170 271 287 310 facile
316 271 557 318 discedens,
587 284 683 308 mox
701 270 856 316 luteus,
886 282 980 307 mox
1004 272 1230 316 aurantius,
1260 270 1394 307 nitore
1416 282 1512 322 quo·

171 346 263 384 dam
291 345 687 398 rutilo—chalybaeo
726 343 835 383 haud
869 357 962 381 raro
998 346 1153 382 micans
1180 365 1234 372 —
1259 343 1310 382 ab
1344 346 1513 381 interm-

170 419 283 458 ribus
313 430 495 458 ceterum
531 419 713 471 partibus
753 417 876 464 liber,
918 427 1111 470 totusque
1149 420 1268 469 igitur
1294 432 1317 456 a
1342 416 1462 469 gleb&
1489 431 1512 456 ο.

172 494 340 545 pulvere
381 494 657 546 capillitioque
702 492 945 544 compacta,
996 505 1167 543 prorsus
1204 492 1337 530 illaesa
1380 506 1512 530 rema·

172 578 319 614 neme,
359 567 551 606 solubilis.
622 566 758 604 Pulvis
800 565 1084 617 fusco-niger
1112 562 1238 621 fibris
1276 569 1514 605 intertextus

174 652 237 680 est
277 644 373 681 satis
412 644 546 692 parcis
586 643 696 692 vagis
725 643 872 679 crassis
900 638 1078 685 flavidis,
1118 653 1141 677 e
1171 640 1307 677 nucleo
1338 641 1514 693 quodam

173 727 245 753 seu
274 713 479 751 columella
517 713 655 765 spuria
692 714 859 752 centrali
899 712 1077 750 difformi
1115 714 1333 753 concolore
1374 718 1512 753 oriun-

174 787 247 826 dis.
302 787 472 826 Fabrica
498 787 601 825 haec
628 790 786 825 interna
813 787 918 825 adeo
946 786 1176 833 abnormis,
1207 787 1258 825 ad
1279 802 1380 834 eam,
1413 802 1514 840 quae

174 871 237 900 est
262 864 304 899 in
332 859 607 912 Fuliginibus‚
646 863 821 912 propius
860 860 1090 907 accedens,
1128 861 1291 913 fungum
1328 873 1516 901 nostruin

172 948 259 973 non
299 938 439 987 specie
476 945 628 973 tantum
647 965 655 981 ‚
704 934 779 973 sed
816 934 879 972 vel
911 937 1002 986 ipso
1030 947 1180 986 genere
1206 949 1229 974 a
1255 936 1421 989 reliquis
1449 950 1514 975 se-

172 1010 417 1048 movendum
447 1009 618 1049 suadere
655 1008 889 1046 videbatur:
936 1008 1010 1047 sed
1050 1023 1173 1061 quum
1212 1009 1515 1049 characteribus

175 1087 349 1127 externiS
387 1084 593 1135 plerisque
634 1097 728 1121 cum
769 1097 809 1129 οι,
854 1093 1123 1134 congrueret,
1162 1098 1263 1130 nec,
1317 1095 1515 1137 quatenus

175 1157 407 1196 Bulliardus
447 1160 601 1209 speciei
636 1170 730 1195 suae
766 1160 968 1208 penitiora
1002 1168 1209 1197 anatomes
1241 1173 1320 1210 ope
1349 1159 1514 1198 lustras·

174 1243 260 1276 set,
291 1245 533 1278 nossemus,
575 1231 668 1270 loco
698 1231 781 1270 hoc
811 1245 902 1270 eum
932 1236 1185 1284 quantumvis
1213 1233 1400 1285 ambiguo
1431 1244 1517 1271 tan-

177 1309 304 1359 tisper
341 1320 606 1359 proponere,
658 1319 775 1359 quam
812 1319 922 1344 novo
967 1320 1116 1358 genere
1163 1306 1312 1345 frustra
1355 1308 1516 1359 gloriari

174 1381 400 1420 maluimus.
466 1382 577 1419 Intra
610 1380 824 1418 hortorum
852 1380 1140 1432 rejectamenta
1166 1382 1316 1420 aliosve
1344 1395 1515 1421 acervos

177 1455 618 1507 (Trichospermorum
655 1459 699 1492 in
734 1458 966 1494 universum
1017 1456 1264 1507 ditissimos)
1313 1460 1354 1493 in
1390 1456 1512 1504 foliis,

175 1529 358 1580 stipulis,
398 1529 560 1568 ramulis
599 1540 676 1568 etc.
717 1529 927 1568 suffocatis
959 1532 1123 1567 minime
1151 1528 1388 1582 infrequens
1416 1541 1516 1582 post

173 1603 323 1641 imbres
359 1603 501 1642 obvius
544 1604 615 1641 fuit
649 1603 857 1656 Fungillus:
910 1604 1006 1655 quid
1044 1604 1157 1655 quod
1194 1607 1399 1656 ingentem
1429 1604 1515 1656 ejus

175 1687 375 1715 catervam
414 1681 455 1715 in
490 1680 696 1729 ipsissimo
734 1678 836 1715 ollae
874 1677 1100 1729 fragmento
1143 1689 1348 1730 repertam
1382 1693 1515 1720 asser-

174 1751 335 1790 vamus!
393 1752 431 1789 A
457 1753 577 1791 Junio
608 1756 649 1790 in
678 1753 902 1805 Augustum
932 1766 1076 1805 usque·

279 1826 367 1865 263.
412 1828 456 1866 P.
500 1826 868 1866 columbinum.

541 1916 582 1947 α,
611 1900 819 1952 globosum

537 1973 617 2024 ββ,
650 1974 862 2013 obovacum

176 2048 341 2086 Periclia
370 2052 410 2087 in
447 2064 488 2096 α,
521 2050 685 2088 modica
714 2060 831 2096 sunt,
874 2059 1011 2088 exacte
1040 2049 1274 2102 sphaerica,
1315 2065 1337 2088 e
1366 2064 1513 2090 coeru—

172 2122 238 2160 leo
280 2137 371 2161 cum
411 2124 632 2175 splendore
669 2125 887 2177 chalybaeo
916 2125 1111 2171 violacea,
1161 2125 1374 2176 rugulosa,
1419 2125 1514 2164 hinc

172 2196 266 2233 inde
297 2206 484 2249 tempore
515 2202 756 2249 praesertim
784 2213 935 2245 verno,
967 2199 1041 2237 sed
1068 2199 1310 2245 rariuscule,
1343 2199 1512 2252 epixyla.

171 2269 251 2319 ββ,
291 2270 421 2308 forma
458 2272 707 2324 peridiorum
744 2273 941 2325 majorum
980 2274 1297 2325 nitidiorumque
1339 2273 1515 2312 obovatss

171 2344 413 2396 discrepans
443 2346 569 2384 semel
597 2349 637 2383 in
667 2347 808 2385 culmis
839 2350 936 2386 tecti
974 2350 1122 2385 vetusti
1151 2350 1357 2385 straminei
1385 2349 1512 2398 (Ren-

172 2416 389 2474 gersdorf)
418 2422 580 2457 inventa
608 2420 695 2458 fuit.
753 2422 892 2459 Medio
921 2421 1163 2460 Novembri.

277 2493 367 2543 264.
415 2495 459 2532 P.
501 2495 910 2546 squamulosum.

177 2566 369 2618 Capitula
412 2567 617 2620 juniorum
664 2570 799 2608 mollia
844 2570 990 2609 fluinIa
1034 2570 1134 2608 flava
1179 2570 1345 2608 domum
1395 2573 1513 2609 etiam

174 2645 328 2680 cautius
376 2643 564 2682 translata
606 2647 647 2681 iu
687 2655 858 2684 aetatem
901 2645 1053 2684 abeunt
1088 2655 1297 2684 maturam.
1384 2645 1515 2696 Stipes
