1928 3051
1505 189 1578 242 169

238 313 347 349 circa
373 309 552 349 medium
581 309 917 348 subventricosae
944 316 1169 359 apparent,
1200 306 1275 345 sed
1295 319 1435 345 revera
1455 307 1578 345 linea-

237 397 302 422 res
348 393 464 430 sunt,
515 393 728 435 angustae,
777 392 1017 435 congestae,
1069 396 1116 420 ex
1153 382 1245 419 albo
1293 381 1577 432 pallescentes.

238 457 370 494 Pileus
400 471 490 496 2—
509 463 559 508 22}
587 471 681 496 unc.
712 458 837 503 latus,
874 457 966 508 plus
1003 459 1136 495 minus
1165 456 1417 507 irregularis,
1457 469 1580 507 saepe

235 531 423 570 anomale
461 517 935 577 rimoso—tessellatus,
971 530 1087 568 disco
1136 532 1376 581 praesertim
1413 530 1581 581 pulvere

239 609 351 657 quasi
389 608 501 643 tenui
538 605 680 643 leviter
716 614 873 650 tectus;
926 618 1070 654 mat-go
1112 603 1419 651 subinvolutus,
1469 603 1584 641 albo-

239 679 587 718 subtomentosus.
646 679 779 716 Totus
807 677 952 729 fungus
983 687 1122 715 curtus
1156 687 1394 728 compactus
1423 676 1579 716 firmus.

237 754 358 791 Amat
397 753 528 805 sylvas
567 764 758 789 acerosas
789 750 1075 796 sicciusculas,
1116 751 1189 788 sed
1218 765 1360 801 parum
1389 751 1583 802 frequens

237 829 418 865 occurrit
455 824 754 875 (Hsiselachem
792 823 983 867 Dubiam
1034 823 1339 875 Basalthiigel).
1398 826 1582 877 Septem-

235 899 322 947 bri,
354 903 572 951 priinoque
605 898 811 937 Octobri..

340 973 431 1024 484.
479 973 529 1010 A.
571 971 622 1011 G.
662 970 1029 1023 subglobosus
1067 983 1240 1009 noxus.

236 1047 288 1085 A.
323 1046 367 1085 G.
399 1046 577 1083 unicolor
597 1042 783 1103 fluvidus
812 1046 962 1090 minor,
1003 1044 1107 1096 pileo
1147 1042 1368 1081 subviscoso
1398 1059 1582 1082 carnoso·

236 1119 538 1159 membranaceo
578 1120 926 1172 hemisphaerico-
947 1118 1255 1170 campanulaco,
1295 1118 1460 1156 lamellis
1496 1119 1584 1157 sub-

238 1194 371 1234 liberis
399 1195 631 1233 veno-icosis
666 1194 891 1240 latissimis,
930 1194 1064 1246 stipite
1101 1194 1207 1232 tenui
1245 1192 1485 1232 breviusculo
1516 1209 1584 1249 cy·

238 1269 421 1308 liudrico.

344 1344 504 1382 Coloris
543 1342 686 1382 caussa
725 1342 806 1381 huc
853 1341 1144 1381 collocavimus
1191 1340 1357 1393 fungum
1404 1345 1585 1394 quamvis

236 1429 260 1457 a
296 1418 563 1470 sequentibus
610 1431 739 1470 acque
787 1431 836 1456 ac
887 1415 1231 1469 praecedentibus
1277 1415 1579 1463 alienissimum,

241 1506 362 1544 quum
401 1505 496 1530 vere
537 1501 730 1544 cognatos
759 1494 795 1529 ei
823 1491 956 1529 nullos
991 1503 1221 1529 nossemus.
1278 1490 1365 1528 Etsi
1393 1493 1501 1528 enini
1528 1490 1580 1528 A.

243 1565 461 1617 Coprinum
491 1564 793 1614 semiglobatum
823 1568 957 1616 primo
988 1565 1133 1602 obtutu
1164 1564 1295 1615 (pede
1325 1563 1440 1602 brevi.
1468 1578 1585 1603 exce-

238 1641 342 1691 pto)
372 1639 424 1676 ob
453 1639 767 1691 magnitudinem
797 1640 975 1690 pileique
1005 1637 1186 1676 colorem
1213 1650 1262 1675 ac
1286 1635 1458 1675 Formam
1488 1642 1584 1677 satis

239 1723 375 1752 exacte
405 1712 553 1751 referat
568 1742 577 1759 ,
608 1713 657 1750 ab
676 1725 738 1768 'eo
769 1722 903 1750 tamen
932 1721 1097 1763 praeter
1117 1711 1291 1763 reliquas
1311 1721 1427 1750 notas
1448 1712 1584 1751 lamel-

236 1786 284 1826 Iis
314 1800 482 1839 prorsus
523 1797 562 1825 et
602 1796 838 1825 constanter
876 1785 1192 1824 iunnutabilibus
1230 1785 1586 1838 (xanthospermus

237 1865 343 1901 enim
384 1863 472 1912 est)
511 1871 602 1899 toto
643 1861 760 1899 coelo
811 1860 944 1899 distat.
1021 1859 1155 1912 Stipes
1194 1859 1386 1898 uncialis⁸
1401 1859 1486 1898 fere
1523 1860 1586 1899 vel

237 1937 372 1988 paullo
400 1936 581 1987 longior,
614 1938 801 1980 strictus,
834 1938 1012 1974 striatus.
1071 1934 1279 1973 Lamellae
1297 1948 1439 1973 versus
1468 1937 1585 1986 stipi-

239 2021 320 2050 tem
371 2020 599 2056 truncatae,
657 2013 719 2048 vix
774 2009 977 2057 adnexae,
1035 2008 1242 2047 latitudine-
1291 2009 1585 2060 longitudinem

237 2094 434 2136 aequante
473 2084 769 2136 subquadratae
799 2083 862 2123 vel
899 2083 1143 2129 rhombeae,
1190 2083 1285 2134 pilei
1324 2083 1585 2134 hemisphae-

236 2161 340 2197 rium
369 2172 455 2196 non
482 2158 606 2197 modo
638 2158 826 2210 explent,
868 2172 1007 2195 verum
1037 2168 1078 2196 et
1105 2157 1356 2208 aliquatenus
1386 2170 1584 2207 superan-

239 2233 291 2271 do
321 2232 490 2271 formam
529 2235 606 2270 toti
646 2235 768 2284 capiti
807 2232 1096 2284 subglobosam
1142 2231 1354 2281 (diametri
1390 2228 1584 2283 {uncialis

239 2306 348 2357 fere)
379 2307 608 2346 conciliant.
666 2308 813 2345 RarIOr
842 2316 883 2344 et
911 2306 1089 2344 solitaria
1117 2308 1279 2356 species
1310 2307 1513 2343 terrestris
1542 2306 1583 2341 in

237 2384 389 2433 pinetis
419 2381 662 2420 siccioribus
691 2379 896 2430 (Dehas,-
938 2379 1051 2430 See).
1109 2380 1252 2418 Medio
1283 2379 1528 2432 Septembri.

342 2454 433 2504 48¹3.
480 2455 527 2493 A.
568 2454 614 2492 G.
657 2457 889 2493 cerinus.

606 2544 645 2574 α,
677 2542 822 2580 opacus

602 2601 681 2651 ββ,
713 2602 918 2655 splendens

238 2678 337 2715 Var.
370 2692 410 2725 α,
442 2677 613 2729 pulchra
649 2691 778 2730 aeque
806 2691 854 2716 ac
889 2691 978 2716 rara
1005 2679 1048 2716 in
1073 2677 1310 2730 regionibus
1339 2679 1491 2717 nostris
1521 2690 1585 2716 se-

1481 2782 1528 2806 22
