1928 3051
277 317 372 357 623.
416 317 467 356 A.
510 318 562 356 R.
603 317 862 356 alutacea.

443 444 448 449 .
542 407 583 440 α,
615 393 722 430 mitis

175 464 348 503 Statura
383 466 603 504 admodum
642 467 772 506 varia:
815 466 1012 504 diameter
1050 465 1148 517 pilei
1190 468 1296 504 inter
1324 466 1349 505 3
1376 469 1516 507 uncias

173 539 499 592 spithamamque
538 542 640 580 ludit
677 551 757 580 etc.
827 540 929 577 Pilei
966 540 1084 578 color
1110 553 1204 578 mox
1234 541 1281 579 R.
1313 543 1514 589 εγηεεὶεαε,

171 627 266 651 mox
306 614 353 651 R.
389 614 625 666 depallencis
662 615 775 653 disco
814 617 911 652 item
948 614 1161 667 expallido.
1238 615 1370 668 Stipes
1407 629 1516 655 nunc

173 697 284 727 totus
314 689 449 736 albus,
479 703 588 727 nunc
616 689 815 727 rubedine
843 688 1031 726 dilutiore
1059 688 1379 741 profundioreve
1408 689 1517 728 affla-

171 770 250 800 tus.
318 761 453 814 Sapor
490 763 587 801 satis
626 772 773 814 gratus.
856 763 982 814 Sylvis
1027 766 1244 814 praecipue
1292 763 1516 803 delectatur

169 834 357 873 abietinis
393 835 601 875 umbrosis
639 838 865 882 muscosis,
918 849 1015 888 quas
1054 839 1205 887 passim
1245 838 1343 875 colit
1380 839 1441 886 (e.
1475 852 1511 876 c.

169 909 267 948 Seer
297 907 599 960 Lehmg7·uben;
629 908 890 953 Steinbruch;
922 909 1225 961 Basalchic'gel).
1267 912 1510 963 Septembri,

171 983 359 1022 Octobri.

435 1111 483 1160 c)
540 1108 1250 1161 Xanthocephalae.

270 1205 358 1256 024.
401 1205 452 1244 A.
495 1207 547 1245 R.
587 1205 743 1244 lutea.

164 1280 328 1332 Fungus
368 1280 543 1332 elegans.
612 1280 743 1317 Pileus
789 1281 920 1331 primo
964 1279 1365 1331 plano-convexus,
1416 1281 1512 1319 dein

165 1354 387 1406 depressus
405 1384 414 1400 ,
447 1354 805 1400 subumbilieatus,
842 1368 856 1391 1
876 1375 929 1383 —
947 1368 968 1392 z
998 1368 1088 1392 unc.
1124 1355 1247 1401 latus,
1288 1368 1397 1392 nunc
1424 1355 1509 1407 pal-

164 1428 271 1475 lens,
302 1443 411 1467 nunc
438 1429 542 1467 laete
571 1429 717 1467 luteus.
787 1429 969 1466 Solitaria
999 1431 1161 1480 species
1191 1439 1254 1467 est
1282 1432 1321 1467 in
1351 1430 1510 1482 sylvati-

165 1506 223 1541 cis
265 1504 397 1542 mixtis
433 1504 527 1542 hinc
570 1503 665 1541 inde
712 1502 1023 1553 (Basaltlzt'igel;
1074 1502 1327 1547 Edelknahe;
1369 1503 1508 1545 Ηϋίίες

166 1577 376 1614 ΠἸυΙιοέιεν
407 1577 560 1620 Ηιιὶᾱες
592 1580 701 1628 etc.)
732 1578 915 1630 Augusto
944 1588 986 1616 et
1013 1590 1129 1629 seqq.

267 1651 358 1690 625.
405 1652 456 1691 A.
497 1653 545 1690 R..
585 1652 860 1690 ochracea.

526 1725 605 1775 ββ,
637 1725 818 1763 unicolor

161 1801 295 1839 Totus
325 1800 471 1853 fungus
500 1811 644 1839 noster
670 1801 862 1837 unicolor
890 1799 1054 1838 sordide
1094 1798 1345 1838 ochraceus:
1387 1800 1508 1851 stipes

161 1884 295 1913 tamen
332 1875 660 1928 (longiusculus)
695 1875 829 1927 paullo
866 1874 1046 1912 dssutior.
1115 1874 1247 1911 Pileus
1284 1887 1501 1913 convexus,

161 1960 304 1988 centro
343 1951 703 1997 subumbilicatus,
730 1944 922 2001 'margine
960 1949 1152 1988 sulcatus.
1217 1949 1506 1987 Rarissimam

158 2024 389 2076 regionibus
420 2026 570 2064 nostris
600 2026 759 2064 videtur
796 2026 978 2076 species:
1020 2026 1168 2061 etenim
1198 2024 1322 2061 semel
1353 2033 1506 2061 tantum

158 2100 199 2135 in
229 2099 353 2150 sylvis
390 2102 568 2138 acerosis
606 2102 737 2138 mixtis
786 2100 951 2149 (versus
992 2098 1149 2148 Horke)
1196 2097 1359 2134 inventa
1404 2097 1501 2142 fuit3

158 2172 293 2210 medio
324 2173 571 2225 Septembri.

263 2245 354 2285 626.
402 2248 452 2286 A.
495 2248 547 2285 R.
587 2247 927 2286 ochroleuca.

524 2337 565 2367 α,
596 2321 718 2359 laevis

520 2394 600 2445 ββ,
630 2395 786 2433 sulcata

157 2471 389 2508 Transitum
428 2469 556 2508 efficit
591 2483 673 2508 var.
713 2469 793 2519 ββ,
835 2472 942 2507 inter
980 2483 1020 2514 α,
1058 2476 1103 2507 et
1129 2467 1177 2505 R.
1199 2462 1423 2523 foetentem
1450 2487 1503 2496 —-

155 2544 279 2596 idque
307 2544 558 2596 pedetentim
587 2544 718 2592 adeo,
749 2554 794 2581 ut
821 2544 872 2582 de
901 2542 1029 2581 firmis
1057 2545 1201 2580 iterum
1232 2544 1412 2579 terminis
1441 2544 1501 2578 in-

157 2629 219 2657 ter
246 2629 458 2671 utramque
487 2622 670 2671 speciem
707 2618 1004 2670 desperandum
1043 2618 1109 2656 sit.
1179 2617 1380 2655 Convenit
1408 2629 1499 2654 cum

155 2693 219 2731 illa
248 2693 416 2742 colore,
447 2694 748 2747 magnitudine,
781 2693 909 2732 odore
938 2693 1003 2730 vix
1029 2692 1137 2730 ullo:
1169 2705 1261 2730 culn
1284 2691 1361 2729 hae
1389 2691 1498 2743 pileo
