1928 3051
241 674 320 705 Tab.
336 673 396 705 XI.

279 736 304 768 f.
328 744 355 771 5.

421 187 500 227 306

424 317 511 353 tus,
542 306 726 358 plicato·
743 316 816 342 seu
843 315 1212 356 venoso·rugosa:
1244 317 1345 356 quae
1375 307 1408 344 si
1436 306 1608 344 solitaria
1634 305 1762 346 habe-

422 393 514 425 res,
554 379 701 417 diversi
737 377 848 429 fungi
883 380 1023 428 specie
1057 376 1173 416 facile
1206 377 1413 418 fallereris.
1473 379 1593 417 Color
1631 380 1760 418 modo

423 452 588 490 dilutior
624 465 816 498 carneus,
868 450 997 489 modo
1035 454 1207 502 opacior
1242 451 1379 490 ruber.
1462 453 1672 505 Frequens
1720 456 1762 492 in

421 528 572 564 truncis
608 525 781 576 putridis
819 522 1246 577 (stIayblume-nbnsch;
1289 523 1512 577 Obstberg;
1551 525 1761 566 Rloholzer

423 598 578 642 Haicle;
609 601 713 649 etc.)
768 599 976 636 Autumno
1005 602 1243 650 praesertim
1272 602 1473 638 serotino.

523 673 614 724 916.
661 674 704 710 P.
745 672 933 711 Clavus
964 685 1131 711 Nonis.

421 747 467 784 P.
497 747 695 797 gregaria
724 747 906 797 stipitum
939 759 1104 783 carnoso
1123 767 1138 774 -
1156 744 1453 783 subm-emenoni
1466 741 1642 801 firmula
1665 761 1758 799 pur-

418 833 654 872 pureae-ens,
686 819 791 857 disco
823 834 994 857 convexo
1013 819 1290 872 -planiusculo
1318 815 1555 875 pilei-sormi.

783 909 824 939 α,
853 893 1006 946 pallens

780 966 827 1016 β,
856 967 1073 1005 violascens

419 1042 585 1080 Clavum
613 1041 862 1092 aliquatenus
890 1041 1039 1080 refert:
1069 1040 1118 1079 ad
1149 1040 1311 1078 Helotin
1340 1051 1474 1079 tamen
1496 1040 1757 1093 ablegandam

417 1119 479 1154 vix
523 1118 812 1154 censuerimus.
897 1113 1108 1166 Gregaria,
1165 1114 1371 1161 conferta,
1430 1114 1754 1165 subcaespitosa.

416 1189 648 1226 Admodum
665 1188 934 1240 polymorpha
963 1197 1024 1226 est
1054 1203 1093 1233 a,
1127 1187 1262 1239 quoad
1290 1188 1435 1238 stipitis
1464 1187 1758 1238 longitudinem

418 1272 459 1300 et
486 1261 672 1299 formam.
729 1263 849 1298 Nunc
877 1261 1016 1299 brevis
1045 1270 1128 1306 est,
1168 1260 1371 1298 bilinearis
1411 1259 1518 1307 fere,
1560 1275 1670 1299 nunc
1707 1261 1758 1299 ad

416 1335 922 1387 εειιιωιείτιιηὌΙοῃςᾶωι·ε
953 1348 1047 1372 mox
1076 1333 1385 1380 teretiusculus‚
1424 1337 1506 1372 imo
1543 1333 1630 1373 basi
1659 1334 1756 1373 sub—

414 1414 682 1455 incrassatus,
720 1422 815 1446 mox
852 1408 1080 1446 obconicus
1116 1421 1258 1447 versus
1296 1407 1452 1446 discum
1481 1410 1755 1448 intumescens

413 1487 535 1536 Inque
575 1497 666 1521 eum
707 1481 972 1521 transfluens:
1031 1482 1095 1520 vel
1134 1482 1227 1519 huic
1273 1491 1384 1520 totus
1423 1482 1646 1529 concolor,
1692 1482 1755 1520 vel

413 1557 607 1595 deorsum
631 1557 798 1595 sordide
821 1557 999 1596 ochreus
1018 1565 1086 1594 aut
1109 1554 1412 1594 subaurantius:
1444 1565 1626 1594 ceterum
1646 1569 1753 1594 sem—

414 1644 489 1682 per
523 1618 690 1677 fii-mus,
729 1640 888 1678 rectus,
928 1629 1220 1669 crassius-»culus
1255 1630 1319 1668 vel
1354 1641 1527 1667 crassus.
1611 1630 1753 1666 Discus

412 1718 436 1742 a
464 1717 486 1742 2
515 1704 565 1741 ad
593 1704 617 1741 6
645 1704 714 1742 lin.
743 1707 827 1742 imo
863 1704 966 1741 ultra
993 1704 1119 1750 latus,
1160 1717 1184 1742 e
1216 1702 1366 1754 pallido
1398 1702 1521 1740 dilute
1550 1716 1752 1754 purpura-

413 1790 533 1817 scens
573 1787 639 1815 aut
679 1778 906 1817 sublivens:
955 1777 1041 1830 ejus
1088 1777 1219 1815 forma
1264 1779 1378 1814 initio
1426 1779 1752 1815 constantissime

413 1865 588 1890 convexa
643 1851 883 1903 pileiformis
938 1852 1101 1890 demum
1156 1864 1279 1902 saepe
1328 1850 1461 1889 evadit
1506 1849 1752 1901 planiuscula

414 1936 556 1964 centro
586 1925 813 1964 umbilicata
842 1919 1008 1977 (ibique
1031 1937 1333 1976 nonnumquam
1365 1924 1638 1975 stibi-rigosa),
1677 1924 1752 1962 sed

412 2012 630 2051 numquam
669 2013 854 2037 concava.
911 2000 1064 2049 stlargo
1101 2000 1408 2050 integerrimus:
1458 2006 1568 2035 totus
1604 1996 1750 2049 fungus

411 2072 561 2124 glaber.
618 2073 742 2111 Foliis
779 2075 896 2112 variis
933 2072 1117 2110 deciduis
1162 2070 1349 2123 putribus
1385 2070 1578 2117 madidis,
1627 2084 1750 2122 saepe

411 2149 514 2183 intra
553 2148 795 2197 ipsissimam
832 2160 997 2199 aquam,
1039 2148 1234 2184 increscit
1270 2148 1312 2181 in
1351 2144 1551 2196 sylvarum
1587 2143 1750 2183 latebris

409 2222 499 2258 imis
526 2220 845 2258 umbrosissimis
873 2220 1079 2271 paludosis
1117 2217 1350 2267 (Mokolzer
1390 2216 1572 2268 Haide):
1619 2218 1748 2257 altero

408 2308 514 2332 anno
533 2293 876 2332 abundantissima
895 2297 1076 2346 species,
1107 2293 1234 2330 altero
1251 2305 1448 2343 perquam
1468 2305 1571 2330 rara.
1629 2293 1751 2330 Prae-

408 2371 547 2406 sertim
574 2368 712 2413 Maio,
741 2369 880 2406 Junio:
921 2370 1101 2419 parcior,
1131 2369 1284 2413 minor,
1324 2368 1538 2418 minusque
1565 2366 1750 2417 perfecta

407 2451 613 2479 autumno.
667 2442 766 2480 Var.
805 2440 852 2490 β,
894 2450 1031 2479 exacte
1079 2439 1283 2478 obconica
1333 2449 1420 2486 est,
1472 2438 1579 2476 disco
1625 2440 1748 2491 plano

406 2514 608 2551 interdum
646 2514 932 2561 subconcavo,
984 2524 1071 2552 tota
1105 2527 1276 2552 amoene
1316 2514 1519 2560 violacea,
1570 2513 1746 2560 mollior,

405 2590 530 2638 magis
561 2588 806 2626 tremellosa.
865 2587 1084 2640 Sejungere
1113 2588 1218 2627 hanc
1245 2591 1287 2624 in
1314 2590 1445 2625 animo
1467 2597 1574 2626 erat:
1605 2587 1678 2626 sed
1705 2590 1747 2624 in

403 2672 552 2712 genere
579 2664 697 2702 variis
724 2672 890 2701 naturae
916 2662 1071 2702 lusibus
1097 2675 1198 2713 prae
1226 2664 1374 2701 ceteris
1401 2661 1538 2700 forsan
1566 2660 1767 2701 obnoxio-
