<?xml version="1.0" encoding="UTF-8"?>
<!DOCTYPE html PUBLIC "-//W3C//DTD XHTML 1.0 Transitional//EN"
    "http://www.w3.org/TR/xhtml1/DTD/xhtml1-transitional.dtd">
<html xmlns="http://www.w3.org/1999/xhtml" xml:lang="en" lang="en">
 <head>
  <title>
</title>
<meta http-equiv="Content-Type" content="text/html;charset=utf-8" />
  <meta name='ocr-system' content='tesseract 3.04.00' />
  <meta name='ocr-capabilities' content='ocr_page ocr_carea ocr_par ocr_line ocrx_word'/>
</head>
<body>
  <div class='ocr_page' id='page_1' title='image "./conspectusfungor00albe_0374.png"; bbox 0 0 1928 3051; ppageno 0'>
   <div class='ocr_carea' id='block_1_1' title="bbox 243 2329 399 2360">
    <p class='ocr_par' dir='ltr' id='par_1_1' title="bbox 243 2329 399 2360">
     <span class='ocr_line' id='line_1_1' title="bbox 243 2329 399 2360; baseline 0 0"><span class='ocrx_word' id='word_1_1' title='bbox 243 2330 282 2360; x_wconf 80' lang='lat' dir='ltr'>T.</span> <span class='ocrx_word' id='word_1_2' title='bbox 303 2329 399 2360; x_wconf 79' lang='lat' dir='ltr'>vm.</span> 
     </span>
    </p>
   </div>
   <div class='ocr_carea' id='block_1_2' title="bbox 427 208 503 258">
    <p class='ocr_par' dir='ltr' id='par_1_2' title="bbox 427 208 503 258">
     <span class='ocr_line' id='line_1_2' title="bbox 427 208 503 258; baseline 0 -13"><span class='ocrx_word' id='word_1_3' title='bbox 427 208 503 258; x_wconf 73' lang='lat'>542</span> 
     </span>
    </p>
   </div>
   <div class='ocr_carea' id='block_1_3' title="bbox 423 325 1779 2749">
    <p class='ocr_par' dir='ltr' id='par_1_3' title="bbox 427 325 1779 1048">
     <span class='ocr_line' id='line_1_3' title="bbox 539 325 1099 376; baseline -0.002 -13"><span class='ocrx_word' id='word_1_4' title='bbox 539 338 648 364; x_wconf 83' lang='lat'>1020.</span> <span class='ocrx_word' id='word_1_5' title='bbox 695 326 740 363; x_wconf 90' lang='lat' dir='ltr'>P.</span> <span class='ocrx_word' id='word_1_6' title='bbox 782 325 1099 376; x_wconf 77' lang='lat' dir='ltr'>Hysteriuin.</span> 
     </span>
     <span class='ocr_line' id='line_1_4' title="bbox 427 393 1764 451; baseline 0.002 -14"><span class='ocrx_word' id='word_1_7' title='bbox 427 399 698 438; x_wconf 79' lang='lat' dir='ltr'>Fallacissima</span> <span class='ocrx_word' id='word_1_8' title='bbox 737 399 918 451; x_wconf 78' lang='lat' dir='ltr'>Hysterii</span> <span class='ocrx_word' id='word_1_9' title='bbox 955 399 1132 450; x_wconf 84' lang='lat' dir='ltr'>speciem</span> <span class='ocrx_word' id='word_1_10' title='bbox 1178 393 1369 437; x_wconf 83' lang='lat' dir='ltr'>mentitur</span> <span class='ocrx_word' id='word_1_11' title='bbox 1405 401 1448 437; x_wconf 89' lang='lat' dir='ltr'>in</span> <span class='ocrx_word' id='word_1_12' title='bbox 1486 409 1592 439; x_wconf 82' lang='lat' dir='ltr'>statu</span> <span class='ocrx_word' id='word_1_13' title='bbox 1636 403 1764 450; x_wconf 89' lang='lat' dir='ltr'>sicco,</span> 
     </span>
     <span class='ocr_line' id='line_1_5' title="bbox 427 471 1779 527; baseline 0.001 -16"><span class='ocrx_word' id='word_1_14' title='bbox 427 483 535 519; x_wconf 85' lang='lat' dir='ltr'>atra,</span> <span class='ocrx_word' id='word_1_15' title='bbox 573 471 801 518; x_wconf 80' lang='lat' dir='ltr'>subnitida,</span> <span class='ocrx_word' id='word_1_16' title='bbox 841 471 980 509; x_wconf 88' lang='lat' dir='ltr'>duram</span> <span class='ocrx_word' id='word_1_17' title='bbox 1018 472 1210 510; x_wconf 86' lang='lat' dir='ltr'>simulans</span> <span class='ocrx_word' id='word_1_18' title='bbox 1240 473 1525 512; x_wconf 77' lang='lat' dir='ltr'>substantiam:</span> <span class='ocrx_word' id='word_1_19' title='bbox 1565 474 1639 514; x_wconf 86' lang='lat' dir='ltr'>sed</span> <span class='ocrx_word' id='word_1_20' title='bbox 1667 472 1779 527; x_wconf 50' lang='lat' dir='ltr'>aquak</span> 
     </span>
     <span class='ocr_line' id='line_1_6' title="bbox 429 545 1768 600; baseline 0.004 -18"><span class='ocrx_word' id='word_1_21' title='bbox 429 546 578 583; x_wconf 76' lang='lat' dir='ltr'>refecta</span> <span class='ocrx_word' id='word_1_22' title='bbox 606 546 813 583; x_wconf 82' lang='lat' dir='ltr'>mollitiem</span> <span class='ocrx_word' id='word_1_23' title='bbox 843 545 946 583; x_wconf 88' lang='lat' dir='ltr'>illico</span> <span class='ocrx_word' id='word_1_24' title='bbox 977 545 1130 597; x_wconf 83' lang='lat' dir='ltr'>prodit.</span> <span class='ocrx_word' id='word_1_25' title='bbox 1196 546 1388 585; x_wconf 85' lang='lat' dir='ltr'>Ceterum</span> <span class='ocrx_word' id='word_1_26' title='bbox 1417 561 1554 600; x_wconf 82' lang='lat' dir='ltr'>sparsa</span> <span class='ocrx_word' id='word_1_27' title='bbox 1583 548 1645 587; x_wconf 89' lang='lat' dir='ltr'>vel</span> <span class='ocrx_word' id='word_1_28' title='bbox 1672 549 1768 600; x_wconf 80' lang='lat' dir='ltr'>pas-</span> 
     </span>
     <span class='ocr_line' id='line_1_7' title="bbox 430 620 1766 673; baseline 0.001 -14"><span class='ocrx_word' id='word_1_29' title='bbox 430 623 503 659; x_wconf 80' lang='lat' dir='ltr'>sim</span> <span class='ocrx_word' id='word_1_30' title='bbox 545 620 882 666; x_wconf 77' lang='lat' dir='ltr'>subcoacervata,</span> <span class='ocrx_word' id='word_1_31' title='bbox 930 622 1056 658; x_wconf 88' lang='lat' dir='ltr'>rarius</span> <span class='ocrx_word' id='word_1_32' title='bbox 1101 620 1340 659; x_wconf 82' lang='lat' dir='ltr'>orbicularis</span> <span class='ocrx_word' id='word_1_33' title='bbox 1389 634 1544 673; x_wconf 85' lang='lat' dir='ltr'>oreque</span> <span class='ocrx_word' id='word_1_34' title='bbox 1587 621 1766 661; x_wconf 86' lang='lat' dir='ltr'>rotundo</span> 
     </span>
     <span class='ocr_line' id='line_1_8' title="bbox 428 693 1768 746; baseline 0.002 -15"><span class='ocrx_word' id='word_1_35' title='bbox 428 694 566 740; x_wconf 83' lang='lat' dir='ltr'>hians,</span> <span class='ocrx_word' id='word_1_36' title='bbox 606 694 845 746; x_wconf 84' lang='lat' dir='ltr'>plerumque</span> <span class='ocrx_word' id='word_1_37' title='bbox 875 694 1046 746; x_wconf 81' lang='lat' dir='ltr'>oblonga</span> <span class='ocrx_word' id='word_1_38' title='bbox 1074 693 1251 734; x_wconf 85' lang='lat' dir='ltr'><strong>flexuose</strong></span> <span class='ocrx_word' id='word_1_39' title='bbox 1282 705 1443 733; x_wconf 83' lang='lat' dir='ltr'>curvata</span> <span class='ocrx_word' id='word_1_40' title='bbox 1470 698 1622 734; x_wconf 86' lang='lat' dir='ltr'>rimose</span> <span class='ocrx_word' id='word_1_41' title='bbox 1651 695 1768 734; x_wconf 80' lang='lat' dir='ltr'>dehi-</span> 
     </span>
     <span class='ocr_line' id='line_1_9' title="bbox 430 769 1767 820; baseline 0 -13"><span class='ocrx_word' id='word_1_42' title='bbox 430 781 573 807; x_wconf 85' lang='lat' dir='ltr'>scens:</span> <span class='ocrx_word' id='word_1_43' title='bbox 617 783 759 819; x_wconf 75' lang='lat' dir='ltr'>margo</span> <span class='ocrx_word' id='word_1_44' title='bbox 789 782 899 806; x_wconf 89' lang='lat' dir='ltr'>nunc</span> <span class='ocrx_word' id='word_1_45' title='bbox 927 771 1108 820; x_wconf 79' lang='lat' dir='ltr'><strong>integer,</strong></span> <span class='ocrx_word' id='word_1_46' title='bbox 1146 782 1256 807; x_wconf 89' lang='lat' dir='ltr'>nunc</span> <span class='ocrx_word' id='word_1_47' title='bbox 1285 769 1564 808; x_wconf 77' lang='lat' dir='ltr'>denticulatus.</span> <span class='ocrx_word' id='word_1_48' title='bbox 1626 769 1767 809; x_wconf 79' lang='lat' dir='ltr'>Verru-</span> 
     </span>
     <span class='ocr_line' id='line_1_10' title="bbox 430 842 1766 899; baseline 0.003 -21"><span class='ocrx_word' id='word_1_49' title='bbox 430 843 551 878; x_wconf 78' lang='lat' dir='ltr'>cariz&#39;s</span> <span class='ocrx_word' id='word_1_50' title='bbox 591 843 795 882; x_wconf 84' lang='lat' dir='ltr'>sterilibus</span> <span class='ocrx_word' id='word_1_51' title='bbox 832 842 1080 881; x_wconf 83' lang='lat' dir='ltr'>fertilibusve</span> <span class='ocrx_word' id='word_1_52' title='bbox 1107 845 1148 880; x_wconf 92' lang='lat' dir='ltr'>in</span> <span class='ocrx_word' id='word_1_53' title='bbox 1177 843 1347 882; x_wconf 77' lang='lat' dir='ltr'>caudice</span> <span class='ocrx_word' id='word_1_54' title='bbox 1386 845 1581 899; x_wconf 56' lang='lat' dir='ltr'>Quercus,</span> <span class='ocrx_word' id='word_1_55' title='bbox 1627 845 1766 890; x_wconf 72' lang='lat' dir='ltr'>Titiae,</span> 
     </span>
     <span class='ocr_line' id='line_1_11' title="bbox 429 915 1767 969; baseline 0.002 -16"><span class='ocrx_word' id='word_1_56' title='bbox 429 916 574 954; x_wconf 80' lang='lat' dir='ltr'>Salicis</span> <span class='ocrx_word' id='word_1_57' title='bbox 613 915 728 954; x_wconf 80' lang='lat' dir='ltr'><em>albae</em></span> <span class='ocrx_word' id='word_1_58' title='bbox 766 920 989 969; x_wconf 85' lang='lat' dir='ltr'>parasiticis</span> <span class='ocrx_word' id='word_1_59' title='bbox 1028 919 1249 956; x_wconf 81' lang='lat' dir='ltr'>innascitur</span> <span class='ocrx_word' id='word_1_60' title='bbox 1286 917 1383 956; x_wconf 82' lang='lat' dir='ltr'>hinc</span> <span class='ocrx_word' id='word_1_61' title='bbox 1422 919 1516 956; x_wconf 88' lang='lat' dir='ltr'>inde</span> <span class='ocrx_word' id='word_1_62' title='bbox 1553 919 1767 968; x_wconf 76' lang='lat' dir='ltr'>(Reichen-</span> 
     </span>
     <span class='ocr_line' id='line_1_12' title="bbox 428 987 1737 1048; baseline 0.003 -21"><span class='ocrx_word' id='word_1_63' title='bbox 428 989 548 1035; x_wconf 75' lang='lat' dir='ltr'>hach;</span> <span class='ocrx_word' id='word_1_64' title='bbox 577 987 850 1047; x_wconf 56' lang='lat' dir='ltr'>Jsitzkendorfl·</span> <span class='ocrx_word' id='word_1_65' title='bbox 890 988 1169 1048; x_wconf 77' lang='lat' dir='ltr'>Cunnersdotf</span> <span class='ocrx_word' id='word_1_66' title='bbox 1193 995 1312 1044; x_wconf 61' lang='lat' dir='ltr'>eto).</span> <span class='ocrx_word' id='word_1_67' title='bbox 1367 993 1598 1040; x_wconf 82' lang='lat' dir='ltr'>Autumno,</span> <span class='ocrx_word' id='word_1_68' title='bbox 1629 1007 1737 1032; x_wconf 83' lang='lat' dir='ltr'>vere.</span> 
     </span>
    </p>

    <p class='ocr_par' dir='ltr' id='par_1_4' title="bbox 536 1065 1608 1106">
     <span class='ocr_line' id='line_1_13' title="bbox 536 1065 1608 1106; baseline 0 -1"><span class='ocrx_word' id='word_1_69' title='bbox 536 1079 648 1106; x_wconf 82' lang='lat'>1021.</span> <span class='ocrx_word' id='word_1_70' title='bbox 695 1067 740 1105; x_wconf 89' lang='lat' dir='ltr'>P.</span> <span class='ocrx_word' id='word_1_71' title='bbox 783 1065 1009 1104; x_wconf 86' lang='lat' dir='ltr'>Abietis.</span> <span class='ocrx_word' id='word_1_72' title='bbox 1583 1090 1608 1095; x_wconf 30' lang='grc' dir='ltr'><strong><em>β</em></strong></span> 
     </span>
    </p>

    <p class='ocr_par' dir='ltr' id='par_1_5' title="bbox 789 1141 1110 1262">
     <span class='ocr_line' id='line_1_14' title="bbox 792 1141 1103 1190; baseline -0.01 -12"><span class='ocrx_word' id='word_1_73' title='bbox 792 1154 832 1185; x_wconf 80' lang='grc' dir='ltr'>α,</span> <span class='ocrx_word' id='word_1_74' title='bbox 865 1141 1103 1190; x_wconf 63' lang='lat' dir='ltr'>transigente</span> 
     </span>
     <span class='ocr_line' id='line_1_15' title="bbox 789 1212 1110 1262; baseline 0.003 -13"><span class='ocrx_word' id='word_1_75' title='bbox 789 1212 868 1262; x_wconf 81' lang='grc' dir='ltr'>ββ,</span> <span class='ocrx_word' id='word_1_76' title='bbox 898 1212 1110 1250; x_wconf 70' lang='lat' dir='ltr'>scrobicina</span> 
     </span>
    </p>

    <p class='ocr_par' dir='ltr' id='par_1_6' title="bbox 423 1285 1769 2007">
     <span class='ocr_line' id='line_1_16' title="bbox 425 1285 1767 1339; baseline 0.001 -15"><span class='ocrx_word' id='word_1_77' title='bbox 425 1287 522 1325; x_wconf 85' lang='lat' dir='ltr'>Var.</span> <span class='ocrx_word' id='word_1_78' title='bbox 552 1301 592 1333; x_wconf 72' lang='lat' dir='ltr'>a,</span> <span class='ocrx_word' id='word_1_79' title='bbox 623 1286 757 1339; x_wconf 83' lang='lat' dir='ltr'>junior</span> <span class='ocrx_word' id='word_1_80' title='bbox 785 1297 871 1324; x_wconf 87' lang='lat' dir='ltr'>tota</span> <span class='ocrx_word' id='word_1_81' title='bbox 897 1287 1034 1325; x_wconf 85' lang='lat' dir='ltr'>viridis</span> <span class='ocrx_word' id='word_1_82' title='bbox 1065 1296 1149 1325; x_wconf 91' lang='lat' dir='ltr'>est:</span> <span class='ocrx_word' id='word_1_83' title='bbox 1179 1285 1312 1324; x_wconf 81' lang='lat' dir='ltr'>adulta</span> <span class='ocrx_word' id='word_1_84' title='bbox 1339 1300 1388 1325; x_wconf 88' lang='lat' dir='ltr'>ex</span> <span class='ocrx_word' id='word_1_85' title='bbox 1415 1286 1597 1325; x_wconf 84' lang='lat' dir='ltr'>olivaceo</span> <span class='ocrx_word' id='word_1_86' title='bbox 1628 1285 1767 1326; x_wconf 92' lang='lat' dir='ltr'>subni-</span> 
     </span>
     <span class='ocr_line' id='line_1_17' title="bbox 425 1361 1769 1414; baseline 0.001 -16"><span class='ocrx_word' id='word_1_87' title='bbox 425 1364 599 1414; x_wconf 72' lang='lat' dir='ltr'>gres-cit,</span> <span class='ocrx_word' id='word_1_88' title='bbox 638 1364 745 1400; x_wconf 89' lang='lat' dir='ltr'>intus</span> <span class='ocrx_word' id='word_1_89' title='bbox 785 1361 976 1408; x_wconf 81' lang='lat' dir='ltr'>dilutior,</span> <span class='ocrx_word' id='word_1_90' title='bbox 1025 1364 1120 1400; x_wconf 83' lang='lat' dir='ltr'>satis</span> <span class='ocrx_word' id='word_1_91' title='bbox 1159 1361 1372 1412; x_wconf 77' lang='lat' dir='ltr'>regularis,</span> <span class='ocrx_word' id='word_1_92' title='bbox 1422 1361 1664 1409; x_wconf 75' lang='lat' dir='ltr'>rotundam,</span> <span class='ocrx_word' id='word_1_93' title='bbox 1706 1365 1769 1400; x_wconf 81' lang='lat' dir='ltr'>vix</span> 
     </span>
     <span class='ocr_line' id='line_1_18' title="bbox 424 1435 1768 1488; baseline 0.002 -15"><span class='ocrx_word' id='word_1_94' title='bbox 424 1449 597 1487; x_wconf 83' lang='lat' dir='ltr'>rugosa:</span> <span class='ocrx_word' id='word_1_95' title='bbox 630 1439 739 1474; x_wconf 87' lang='lat' dir='ltr'>sicca</span> <span class='ocrx_word' id='word_1_96' title='bbox 765 1450 895 1488; x_wconf 87' lang='lat' dir='ltr'>paene</span> <span class='ocrx_word' id='word_1_97' title='bbox 922 1439 1035 1488; x_wconf 82' lang='lat' dir='ltr'>nigra</span> <span class='ocrx_word' id='word_1_98' title='bbox 1065 1435 1132 1481; x_wconf 72' lang='lat' dir='ltr'>fit,</span> <span class='ocrx_word' id='word_1_99' title='bbox 1173 1435 1264 1486; x_wconf 85' lang='lat' dir='ltr'>plus</span> <span class='ocrx_word' id='word_1_100' title='bbox 1293 1438 1426 1474; x_wconf 85' lang='lat' dir='ltr'>minus</span> <span class='ocrx_word' id='word_1_101' title='bbox 1455 1446 1694 1488; x_wconf 82' lang='lat' dir='ltr'>corrugatur</span> <span class='ocrx_word' id='word_1_102' title='bbox 1721 1450 1768 1477; x_wconf 89' lang='lat' dir='ltr'>ac</span> 
     </span>
     <span class='ocr_line' id='line_1_19' title="bbox 425 1509 1768 1562; baseline 0.001 -14"><span class='ocrx_word' id='word_1_103' title='bbox 425 1513 722 1561; x_wconf 81' lang='lat' dir='ltr'>comprimitur.</span> <span class='ocrx_word' id='word_1_104' title='bbox 801 1510 866 1547; x_wconf 84' lang='lat' dir='ltr'>Ad</span> <span class='ocrx_word' id='word_1_105' title='bbox 903 1524 1039 1548; x_wconf 83' lang='lat' dir='ltr'>ramos</span> <span class='ocrx_word' id='word_1_106' title='bbox 1080 1513 1216 1548; x_wconf 90' lang='lat' dir='ltr'>siccos</span> <span class='ocrx_word' id='word_1_107' title='bbox 1263 1511 1400 1561; x_wconf 83' lang='lat' dir='ltr'>pineos</span> <span class='ocrx_word' id='word_1_108' title='bbox 1449 1509 1570 1549; x_wconf 87' lang='lat' dir='ltr'>nobis</span> <span class='ocrx_word' id='word_1_109' title='bbox 1616 1514 1768 1562; x_wconf 82' lang='lat' dir='ltr'>passim</span> 
     </span>
     <span class='ocr_line' id='line_1_20' title="bbox 427 1578 1766 1638; baseline 0.002 -17"><span class='ocrx_word' id='word_1_110' title='bbox 427 1584 487 1633; x_wconf 92' lang='lat' dir='ltr'>(v.</span> <span class='ocrx_word' id='word_1_111' title='bbox 519 1598 556 1622; x_wconf 90' lang='lat' dir='ltr'>c.</span> <span class='ocrx_word' id='word_1_112' title='bbox 591 1578 788 1628; x_wconf 52' lang='lat' dir='ltr'>oder-nim</span> <span class='ocrx_word' id='word_1_113' title='bbox 819 1581 1068 1638; x_wconf 78' lang='lat' dir='ltr'>Scht&#39;iferey)</span> <span class='ocrx_word' id='word_1_114' title='bbox 1098 1584 1212 1622; x_wconf 87' lang='lat' dir='ltr'>obvia</span> <span class='ocrx_word' id='word_1_115' title='bbox 1242 1594 1434 1622; x_wconf 82' lang='lat' dir='ltr'>autumno</span> <span class='ocrx_word' id='word_1_116' title='bbox 1457 1594 1497 1622; x_wconf 90' lang='lat' dir='ltr'>et</span> <span class='ocrx_word' id='word_1_117' title='bbox 1524 1598 1633 1623; x_wconf 90' lang='lat' dir='ltr'>vere.</span> <span class='ocrx_word' id='word_1_118' title='bbox 1675 1590 1766 1624; x_wconf 81' lang='lat' dir='ltr'>Var.</span> 
     </span>
     <span class='ocr_line' id='line_1_21' title="bbox 424 1656 1768 1710; baseline 0.001 -13"><span class='ocrx_word' id='word_1_119' title='bbox 424 1656 504 1707; x_wconf 80' lang='grc' dir='ltr'>ββ,</span> <span class='ocrx_word' id='word_1_120' title='bbox 536 1658 755 1710; x_wconf 86' lang='lat' dir='ltr'>subsparsa</span> <span class='ocrx_word' id='word_1_121' title='bbox 794 1658 1049 1710; x_wconf 83' lang='lat' dir='ltr'>substipitata</span> <span class='ocrx_word' id='word_1_122' title='bbox 1079 1673 1101 1696; x_wconf 88' lang='lat' dir='ltr'>e</span> <span class='ocrx_word' id='word_1_123' title='bbox 1131 1657 1252 1696; x_wconf 78' lang='lat' dir='ltr'>badio</span> <span class='ocrx_word' id='word_1_124' title='bbox 1282 1661 1483 1710; x_wconf 78' lang='lat' dir='ltr'>nigricans</span> <span class='ocrx_word' id='word_1_125' title='bbox 1523 1659 1768 1708; x_wconf 86' lang='lat' dir='ltr'>(individuis</span> 
     </span>
     <span class='ocr_line' id='line_1_22' title="bbox 425 1731 1769 1785; baseline 0.004 -17"><span class='ocrx_word' id='word_1_126' title='bbox 425 1731 512 1770; x_wconf 82' lang='lat' dir='ltr'>aliis</span> <span class='ocrx_word' id='word_1_127' title='bbox 542 1732 776 1779; x_wconf 87' lang='lat' dir='ltr'>sessilibus,</span> <span class='ocrx_word' id='word_1_128' title='bbox 823 1733 906 1771; x_wconf 88' lang='lat' dir='ltr'>aliis</span> <span class='ocrx_word' id='word_1_129' title='bbox 944 1736 1050 1771; x_wconf 89' lang='lat' dir='ltr'>inter</span> <span class='ocrx_word' id='word_1_130' title='bbox 1087 1745 1273 1785; x_wconf 80' lang='lat' dir='ltr'>squamas</span> <span class='ocrx_word' id='word_1_131' title='bbox 1312 1735 1402 1770; x_wconf 93' lang='lat' dir='ltr'>coni</span> <span class='ocrx_word' id='word_1_132' title='bbox 1436 1736 1641 1784; x_wconf 87' lang='lat' dir='ltr'>protrusis</span> <span class='ocrx_word' id='word_1_133' title='bbox 1678 1734 1769 1773; x_wconf 86' lang='lat' dir='ltr'>bre-</span> 
     </span>
     <span class='ocr_line' id='line_1_23' title="bbox 423 1807 1765 1859; baseline 0.002 -16"><span class='ocrx_word' id='word_1_134' title='bbox 423 1808 511 1845; x_wconf 89' lang='lat' dir='ltr'>vius</span> <span class='ocrx_word' id='word_1_135' title='bbox 540 1807 746 1859; x_wconf 82' lang='lat' dir='ltr'>longiusve</span> <span class='ocrx_word' id='word_1_136' title='bbox 785 1809 1023 1858; x_wconf 63' lang='lat' dir='ltr'>supinatis),</span> <span class='ocrx_word' id='word_1_137' title='bbox 1066 1807 1230 1859; x_wconf 73' lang='lat' dir='ltr'>reliquis</span> <span class='ocrx_word' id='word_1_138' title='bbox 1272 1807 1571 1846; x_wconf 82' lang='lat' dir='ltr'>characteribus</span> <span class='ocrx_word' id='word_1_139' title='bbox 1601 1822 1692 1846; x_wconf 88' lang='lat' dir='ltr'>cum</span> <span class='ocrx_word' id='word_1_140' title='bbox 1724 1823 1765 1855; x_wconf 84' lang='grc' dir='ltr'>α,</span> 
     </span>
     <span class='ocr_line' id='line_1_24' title="bbox 427 1880 1767 1934; baseline 0.001 -15"><span class='ocrx_word' id='word_1_141' title='bbox 427 1893 627 1932; x_wconf 85' lang='lat' dir='ltr'>congrua,</span> <span class='ocrx_word' id='word_1_142' title='bbox 658 1881 709 1918; x_wconf 85' lang='lat' dir='ltr'>ad</span> <span class='ocrx_word' id='word_1_143' title='bbox 739 1881 932 1919; x_wconf 79' lang='lat' dir='ltr'>Strobilos</span> <span class='ocrx_word' id='word_1_144' title='bbox 974 1880 1167 1917; x_wconf 76' lang='lat' dir='ltr'>abiecinos</span> <span class='ocrx_word' id='word_1_145' title='bbox 1194 1883 1348 1929; x_wconf 83' lang='lat' dir='ltr'>rarior,</span> <span class='ocrx_word' id='word_1_146' title='bbox 1392 1882 1518 1920; x_wconf 83' lang='lat' dir='ltr'>semel</span> <span class='ocrx_word' id='word_1_147' title='bbox 1554 1882 1767 1934; x_wconf 88' lang='lat' dir='ltr'>hucusque</span> 
     </span>
     <span class='ocr_line' id='line_1_25' title="bbox 425 1955 1049 2007; baseline 0.003 -15"><span class='ocrx_word' id='word_1_148' title='bbox 425 1965 588 2007; x_wconf 85' lang='lat' dir='ltr'>reperta</span> <span class='ocrx_word' id='word_1_149' title='bbox 618 1955 876 2006; x_wconf 76' lang='lat' dir='ltr'>(Herrnhut)</span> <span class='ocrx_word' id='word_1_150' title='bbox 908 1955 1049 2007; x_wconf 76' lang='lat' dir='ltr'>Aprili.</span> 
     </span>
    </p>

    <p class='ocr_par' dir='ltr' id='par_1_7' title="bbox 424 2030 1769 2302">
     <span class='ocr_line' id='line_1_26' title="bbox 536 2030 910 2081; baseline 0.003 -15"><span class='ocrx_word' id='word_1_151' title='bbox 536 2042 646 2066; x_wconf 86' lang='lat'>1022.</span> <span class='ocrx_word' id='word_1_152' title='bbox 695 2030 738 2067; x_wconf 89' lang='lat' dir='ltr'>P.</span> <span class='ocrx_word' id='word_1_153' title='bbox 781 2031 910 2081; x_wconf 80' lang='lat' dir='ltr'>Pyri.</span> 
     </span>
     <span class='ocr_line' id='line_1_27' title="bbox 427 2102 1769 2156; baseline 0.001 -17"><span class='ocrx_word' id='word_1_154' title='bbox 427 2102 670 2140; x_wconf 83' lang='lat' dir='ltr'>Pulchellam</span> <span class='ocrx_word' id='word_1_155' title='bbox 699 2104 880 2155; x_wconf 81' lang='lat' dir='ltr'>speciem</span> <span class='ocrx_word' id='word_1_156' title='bbox 911 2103 1028 2141; x_wconf 61' lang='lat' dir='ltr'>unies</span> <span class='ocrx_word' id='word_1_157' title='bbox 1062 2113 1212 2141; x_wconf 81' lang='lat' dir='ltr'>tantum</span> <span class='ocrx_word' id='word_1_158' title='bbox 1243 2105 1332 2141; x_wconf 84' lang='lat' dir='ltr'>vice</span> <span class='ocrx_word' id='word_1_159' title='bbox 1363 2113 1472 2141; x_wconf 88' lang='lat' dir='ltr'>arcte</span> <span class='ocrx_word' id='word_1_160' title='bbox 1501 2106 1769 2156; x_wconf 75' lang='lat' dir='ltr'>caespitosam</span> 
     </span>
     <span class='ocr_line' id='line_1_28' title="bbox 426 2176 1766 2229; baseline 0.003 -16"><span class='ocrx_word' id='word_1_161' title='bbox 426 2178 466 2213; x_wconf 87' lang='lat' dir='ltr'>in</span> <span class='ocrx_word' id='word_1_162' title='bbox 504 2179 659 2215; x_wconf 88' lang='lat' dir='ltr'>cortice</span> <span class='ocrx_word' id='word_1_163' title='bbox 697 2180 792 2215; x_wconf 84' lang='lat' dir='ltr'>item</span> <span class='ocrx_word' id='word_1_164' title='bbox 832 2178 938 2215; x_wconf 80' lang='lat' dir='ltr'>Mali</span> <span class='ocrx_word' id='word_1_165' title='bbox 975 2180 1085 2216; x_wconf 89' lang='lat' dir='ltr'>sicco</span> <span class='ocrx_word' id='word_1_166' title='bbox 1125 2176 1480 2229; x_wconf 75' lang='lat' dir='ltr'>(Bric&#39;dergarten)</span> <span class='ocrx_word' id='word_1_167' title='bbox 1529 2177 1766 2217; x_wconf 84' lang='lat' dir='ltr'>habuimus:</span> 
     </span>
     <span class='ocr_line' id='line_1_29' title="bbox 424 2250 736 2302; baseline 0.006 -15"><span class='ocrx_word' id='word_1_168' title='bbox 424 2250 561 2288; x_wconf 83' lang='lat' dir='ltr'>medio</span> <span class='ocrx_word' id='word_1_169' title='bbox 590 2251 736 2302; x_wconf 80' lang='lat' dir='ltr'>Aprili.</span> 
     </span>
    </p>

    <p class='ocr_par' dir='ltr' id='par_1_8' title="bbox 424 2324 1765 2526">
     <span class='ocr_line' id='line_1_30' title="bbox 534 2324 1313 2377; baseline 0.003 -15"><span class='ocrx_word' id='word_1_170' title='bbox 534 2324 645 2363; x_wconf 75' lang='lat'>1023.</span> <span class='ocrx_word' id='word_1_171' title='bbox 695 2326 738 2363; x_wconf 88' lang='lat' dir='ltr'>P.</span> <span class='ocrx_word' id='word_1_172' title='bbox 776 2325 1102 2377; x_wconf 84' lang='lat' dir='ltr'>pulveracea</span> <span class='ocrx_word' id='word_1_173' title='bbox 1138 2338 1313 2364; x_wconf 68' lang='lat' dir='ltr'>nonxs.</span> 
     </span>
     <span class='ocr_line' id='line_1_31' title="bbox 428 2396 1765 2451; baseline 0.001 -16"><span class='ocrx_word' id='word_1_174' title='bbox 428 2399 473 2436; x_wconf 87' lang='lat' dir='ltr'>P.</span> <span class='ocrx_word' id='word_1_175' title='bbox 502 2414 634 2451; x_wconf 76' lang='lat' dir='ltr'>parva</span> <span class='ocrx_word' id='word_1_176' title='bbox 661 2402 860 2451; x_wconf 77' lang='lat' dir='ltr'>gregaria</span> <span class='ocrx_word' id='word_1_177' title='bbox 900 2400 1003 2437; x_wconf 78' lang='lat' dir='ltr'>dura</span> <span class='ocrx_word' id='word_1_178' title='bbox 1043 2398 1126 2436; x_wconf 74' lang='lat' dir='ltr'>basi</span> <span class='ocrx_word' id='word_1_179' title='bbox 1164 2400 1285 2450; x_wconf 67' lang='lat' dir='ltr'>›ligr-1⁴2</span> <span class='ocrx_word' id='word_1_180' title='bbox 1322 2400 1506 2450; x_wconf 71' lang='lat' dir='ltr'>stipitum</span> <span class='ocrx_word' id='word_1_181' title='bbox 1545 2396 1765 2446; x_wconf 77' lang='lat' dir='ltr'>turbinata,</span> 
     </span>
     <span class='ocr_line' id='line_1_32' title="bbox 424 2472 1582 2526; baseline 0.003 -17"><span class='ocrx_word' id='word_1_182' title='bbox 424 2472 586 2524; x_wconf 80' lang='lat' dir='ltr'>pulvere</span> <span class='ocrx_word' id='word_1_183' title='bbox 615 2475 768 2512; x_wconf 77' lang='lat' dir='ltr'>cinereo</span> <span class='ocrx_word' id='word_1_184' title='bbox 797 2473 914 2511; x_wconf 78' lang='lat' dir='ltr'>dense</span> <span class='ocrx_word' id='word_1_185' title='bbox 943 2473 1120 2521; x_wconf 75' lang='lat' dir='ltr'>obtecta,</span> <span class='ocrx_word' id='word_1_186' title='bbox 1159 2474 1302 2526; x_wconf 75' lang='grc' dir='ltr'>ειιριιίᾶ</span> <span class='ocrx_word' id='word_1_187' title='bbox 1331 2472 1582 2525; x_wconf 62' lang='grc' dir='ltr'>ςιιύἕίοὸοςᾶ.</span> 
     </span>
    </p>

    <p class='ocr_par' dir='ltr' id='par_1_9' title="bbox 426 2546 1767 2749">
     <span class='ocr_line' id='line_1_33' title="bbox 530 2546 1765 2601; baseline 0.001 -16"><span class='ocrx_word' id='word_1_188' title='bbox 530 2549 631 2586; x_wconf 82' lang='lat' dir='ltr'>Satis</span> <span class='ocrx_word' id='word_1_189' title='bbox 661 2562 866 2601; x_wconf 83' lang='lat' dir='ltr'>superque</span> <span class='ocrx_word' id='word_1_190' title='bbox 894 2548 1044 2595; x_wconf 57' lang='lat' dir='ltr'>forms,</span> <span class='ocrx_word' id='word_1_191' title='bbox 1084 2551 1245 2600; x_wconf 85' lang='lat' dir='ltr'>stipite,</span> <span class='ocrx_word' id='word_1_192' title='bbox 1284 2550 1363 2586; x_wconf 89' lang='lat' dir='ltr'>situ</span> <span class='ocrx_word' id='word_1_193' title='bbox 1401 2546 1538 2585; x_wconf 74' lang='lat' dir='ltr'>differt</span> <span class='ocrx_word' id='word_1_194' title='bbox 1573 2547 1622 2585; x_wconf 77' lang='lat' dir='ltr'>ab</span> <span class='ocrx_word' id='word_1_195' title='bbox 1652 2555 1765 2586; x_wconf 78' lang='lat' dir='ltr'>ante-</span> 
     </span>
     <span class='ocr_line' id='line_1_34' title="bbox 428 2619 1767 2675; baseline 0.001 -18"><span class='ocrx_word' id='word_1_196' title='bbox 428 2619 616 2660; x_wconf 87' lang='lat' dir='ltr'>cedente.</span> <span class='ocrx_word' id='word_1_197' title='bbox 686 2622 733 2660; x_wconf 90' lang='lat' dir='ltr'>In</span> <span class='ocrx_word' id='word_1_198' title='bbox 761 2636 904 2675; x_wconf 81' lang='lat' dir='ltr'>greges</span> <span class='ocrx_word' id='word_1_199' title='bbox 934 2626 1029 2662; x_wconf 85' lang='lat' dir='ltr'>satis</span> <span class='ocrx_word' id='word_1_200' title='bbox 1058 2623 1199 2675; x_wconf 82' lang='lat' dir='ltr'>longos</span> <span class='ocrx_word' id='word_1_201' title='bbox 1228 2622 1415 2673; x_wconf 83' lang='lat' dir='ltr'>latosque</span> <span class='ocrx_word' id='word_1_202' title='bbox 1444 2620 1686 2668; x_wconf 74' lang='lat' dir='ltr'>effunditur,</span> <span class='ocrx_word' id='word_1_203' title='bbox 1726 2631 1767 2660; x_wconf 86' lang='lat' dir='ltr'>at</span> 
     </span>
     <span class='ocr_line' id='line_1_35' title="bbox 426 2695 1765 2749; baseline 0.001 -19"><span class='ocrx_word' id='word_1_204' title='bbox 426 2695 467 2731; x_wconf 87' lang='lat' dir='ltr'>in</span> <span class='ocrx_word' id='word_1_205' title='bbox 496 2700 696 2746; x_wconf 80' lang='lat' dir='ltr'>caespites</span> <span class='ocrx_word' id='word_1_206' title='bbox 735 2709 820 2734; x_wconf 91' lang='lat' dir='ltr'>non</span> <span class='ocrx_word' id='word_1_207' title='bbox 850 2697 1062 2749; x_wconf 81' lang='lat' dir='ltr'>colligitur.</span> <span class='ocrx_word' id='word_1_208' title='bbox 1122 2695 1253 2748; x_wconf 79' lang='lat' dir='ltr'>Stipes</span> <span class='ocrx_word' id='word_1_209' title='bbox 1290 2695 1467 2742; x_wconf 88' lang='lat' dir='ltr'>validus,</span> <span class='ocrx_word' id='word_1_210' title='bbox 1505 2708 1664 2734; x_wconf 85' lang='lat' dir='ltr'>sursum</span> <span class='ocrx_word' id='word_1_211' title='bbox 1701 2695 1765 2732; x_wconf 82' lang='lat' dir='ltr'>in·</span> 
     </span>
    </p>
   </div>
  </div>
 </body>
</html>
