<?xml version="1.0" encoding="UTF-8"?>
<!DOCTYPE html PUBLIC "-//W3C//DTD XHTML 1.0 Transitional//EN"
    "http://www.w3.org/TR/xhtml1/DTD/xhtml1-transitional.dtd">
<html xmlns="http://www.w3.org/1999/xhtml" xml:lang="en" lang="en">
 <head>
  <title>
</title>
<meta http-equiv="Content-Type" content="text/html;charset=utf-8" />
  <meta name='ocr-system' content='tesseract 3.04.00' />
  <meta name='ocr-capabilities' content='ocr_page ocr_carea ocr_par ocr_line ocrx_word'/>
</head>
<body>
  <div class='ocr_page' id='page_1' title='image "./conspectusfungor00albe_0010.png"; bbox 0 0 1928 3051; ppageno 0'>
   <div class='ocr_carea' id='block_1_1' title="bbox 318 228 384 269">
    <p class='ocr_par' dir='ltr' id='par_1_1' title="bbox 318 228 384 269">
     <span class='ocr_line' id='line_1_1' title="bbox 318 228 384 269; baseline 0 0"><span class='ocrx_word' id='word_1_1' title='bbox 318 228 384 269; x_wconf 88' lang='lat' dir='ltr'><strong>IV</strong></span> 
     </span>
    </p>
   </div>
   <div class='ocr_carea' id='block_1_2' title="bbox 311 357 1659 2655">
    <p class='ocr_par' dir='ltr' id='par_1_2' title="bbox 312 357 1659 1844">
     <span class='ocr_line' id='line_1_2' title="bbox 315 357 1657 423; baseline 0.005 -22"><span class='ocrx_word' id='word_1_2' title='bbox 315 358 411 402; x_wconf 89' lang='lat' dir='ltr'><strong>due</strong></span> <span class='ocrx_word' id='word_1_3' title='bbox 449 358 755 411; x_wconf 81' lang='lat' dir='ltr'><strong>evolvendo,</strong></span> <span class='ocrx_word' id='word_1_4' title='bbox 804 370 985 402; x_wconf 81' lang='lat' dir='ltr'><strong>terram</strong></span> <span class='ocrx_word' id='word_1_5' title='bbox 1021 369 1247 403; x_wconf 85' lang='lat' dir='ltr'><strong>nostram</strong></span> <span class='ocrx_word' id='word_1_6' title='bbox 1273 357 1464 423; x_wconf 75' lang='lat' dir='ltr'><strong>fungos</strong></span> <span class='ocrx_word' id='word_1_7' title='bbox 1500 379 1657 419; x_wconf 81' lang='lat' dir='ltr'><strong>novos,</strong></span> 
     </span>
     <span class='ocr_line' id='line_1_3' title="bbox 315 447 1657 496; baseline 0.004 -6"><span class='ocrx_word' id='word_1_8' title='bbox 315 447 396 491; x_wconf 84' lang='lat' dir='ltr'><strong>vel</strong></span> <span class='ocrx_word' id='word_1_9' title='bbox 437 463 461 491; x_wconf 91' lang='lat' dir='ltr'><strong>a</strong></span> <span class='ocrx_word' id='word_1_10' title='bbox 500 447 621 492; x_wconf 84' lang='lat' dir='ltr'><strong>viris</strong></span> <span class='ocrx_word' id='word_1_11' title='bbox 669 458 796 491; x_wconf 86' lang='lat' dir='ltr'><strong>certe</strong></span> <span class='ocrx_word' id='word_1_12' title='bbox 844 448 1029 492; x_wconf 87' lang='lat' dir='ltr'><strong>clariss.</strong></span> <span class='ocrx_word' id='word_1_13' title='bbox 1077 448 1231 493; x_wconf 87' lang='lat' dir='ltr'><strong>modo</strong></span> <span class='ocrx_word' id='word_1_14' title='bbox 1277 449 1494 496; x_wconf 86' lang='lat' dir='ltr'><strong>laudatis</strong></span> <span class='ocrx_word' id='word_1_15' title='bbox 1531 468 1657 496; x_wconf 88' lang='lat' dir='ltr'><strong>non·</strong></span> 
     </span>
     <span class='ocr_line' id='line_1_4' title="bbox 316 530 1658 596; baseline 0.004 -17"><span class='ocrx_word' id='word_1_16' title='bbox 316 535 433 579; x_wconf 84' lang='lat' dir='ltr'><strong>dum</strong></span> <span class='ocrx_word' id='word_1_17' title='bbox 476 535 777 594; x_wconf 86' lang='lat' dir='ltr'><strong>descriptos,</strong></span> <span class='ocrx_word' id='word_1_18' title='bbox 816 535 947 580; x_wconf 86' lang='lat' dir='ltr'><strong>haud</strong></span> <span class='ocrx_word' id='word_1_19' title='bbox 983 551 1170 596; x_wconf 85' lang='lat' dir='ltr'><strong>paucos</strong></span> <span class='ocrx_word' id='word_1_20' title='bbox 1207 530 1334 582; x_wconf 82' lang='lat' dir='ltr'><strong>alere</strong></span> <span class='ocrx_word' id='word_1_21' title='bbox 1374 539 1538 584; x_wconf 86' lang='lat' dir='ltr'><strong>edocti</strong></span> <span class='ocrx_word' id='word_1_22' title='bbox 1564 539 1658 584; x_wconf 87' lang='lat' dir='ltr'><strong>fui·</strong></span> 
     </span>
     <span class='ocr_line' id='line_1_5' title="bbox 314 627 1659 685; baseline 0.004 -17"><span class='ocrx_word' id='word_1_23' title='bbox 314 639 441 668; x_wconf 82' lang='lat' dir='ltr'><strong>mus.</strong></span> <span class='ocrx_word' id='word_1_24' title='bbox 500 628 637 685; x_wconf 81' lang='lat' dir='ltr'><strong>Quos</strong></span> <span class='ocrx_word' id='word_1_25' title='bbox 675 635 943 685; x_wconf 78' lang='lat' dir='ltr'>postquam</span> <span class='ocrx_word' id='word_1_26' title='bbox 982 627 1257 671; x_wconf 84' lang='lat' dir='ltr'><strong>centuriam</strong></span> <span class='ocrx_word' id='word_1_27' title='bbox 1282 628 1542 684; x_wconf 82' lang='lat' dir='ltr'><strong>excedere,</strong></span> <span class='ocrx_word' id='word_1_28' title='bbox 1579 644 1659 674; x_wconf 83' lang='lat' dir='ltr'><strong>va·</strong></span> 
     </span>
     <span class='ocr_line' id='line_1_6' title="bbox 314 712 1656 775; baseline 0.006 -20"><span class='ocrx_word' id='word_1_29' title='bbox 314 712 648 773; x_wconf 79' lang='lat' dir='ltr'><strong>rietatumque</strong></span> <span class='ocrx_word' id='word_1_30' title='bbox 687 713 840 758; x_wconf 91' lang='lat' dir='ltr'><strong>simul</strong></span> <span class='ocrx_word' id='word_1_31' title='bbox 877 731 1123 760; x_wconf 85' lang='lat' dir='ltr'><strong>novarum</strong></span> <span class='ocrx_word' id='word_1_32' title='bbox 1155 728 1201 760; x_wconf 89' lang='lat' dir='ltr'><strong>et</strong></span> <span class='ocrx_word' id='word_1_33' title='bbox 1230 716 1656 775; x_wconf 84' lang='lat' dir='ltr'><strong>observationum,</strong></span> 
     </span>
     <span class='ocr_line' id='line_1_7' title="bbox 315 801 1658 866; baseline 0.007 -22"><span class='ocrx_word' id='word_1_34' title='bbox 315 816 438 861; x_wconf 84' lang='lat' dir='ltr'><strong>quae</strong></span> <span class='ocrx_word' id='word_1_35' title='bbox 477 801 536 845; x_wconf 86' lang='lat' dir='ltr'><strong>ad</strong></span> <span class='ocrx_word' id='word_1_36' title='bbox 576 802 761 862; x_wconf 85' lang='lat' dir='ltr'><strong>species</strong></span> <span class='ocrx_word' id='word_1_37' title='bbox 801 804 923 847; x_wconf 89' lang='lat' dir='ltr'><strong>olim</strong></span> <span class='ocrx_word' id='word_1_38' title='bbox 965 817 1112 850; x_wconf 82' lang='lat' dir='ltr'><strong>notas</strong></span> <span class='ocrx_word' id='word_1_39' title='bbox 1148 806 1363 866; x_wconf 87' lang='lat' dir='ltr'><strong>amplius</strong></span> <span class='ocrx_word' id='word_1_40' title='bbox 1405 807 1658 853; x_wconf 88' lang='lat' dir='ltr'><strong>illustran-</strong></span> 
     </span>
     <span class='ocr_line' id='line_1_8' title="bbox 315 888 1658 960; baseline 0.007 -27"><span class='ocrx_word' id='word_1_41' title='bbox 315 890 401 934; x_wconf 88' lang='lat' dir='ltr'><strong>das</strong></span> <span class='ocrx_word' id='word_1_42' title='bbox 439 888 599 935; x_wconf 87' lang='lat' dir='ltr'><strong>facere</strong></span> <span class='ocrx_word' id='word_1_43' title='bbox 634 891 963 949; x_wconf 80' lang='lat' dir='ltr'><strong>videbantur,</strong></span> <span class='ocrx_word' id='word_1_44' title='bbox 1015 894 1209 954; x_wconf 84' lang='lat' dir='ltr'><strong>copiam</strong></span> <span class='ocrx_word' id='word_1_45' title='bbox 1248 895 1301 939; x_wconf 90' lang='lat' dir='ltr'><strong>in</strong></span> <span class='ocrx_word' id='word_1_46' title='bbox 1341 896 1445 942; x_wconf 88' lang='lat' dir='ltr'><strong>dies</strong></span> <span class='ocrx_word' id='word_1_47' title='bbox 1485 897 1658 960; x_wconf 79' lang='lat' dir='ltr'><strong>augeri</strong></span> 
     </span>
     <span class='ocr_line' id='line_1_9' title="bbox 313 978 1658 1047; baseline 0.007 -25"><span class='ocrx_word' id='word_1_48' title='bbox 313 978 564 1034; x_wconf 84' lang='lat' dir='ltr'><strong>vidimus,</strong></span> <span class='ocrx_word' id='word_1_49' title='bbox 607 980 813 1026; x_wconf 82' lang='lat' dir='ltr'><strong>inventa</strong></span> <span class='ocrx_word' id='word_1_50' title='bbox 851 983 951 1039; x_wconf 84' lang='lat' dir='ltr'><strong>jam</strong></span> <span class='ocrx_word' id='word_1_51' title='bbox 989 995 1157 1028; x_wconf 85' lang='lat' dir='ltr'><strong>nostra</strong></span> <span class='ocrx_word' id='word_1_52' title='bbox 1185 984 1236 1028; x_wconf 88' lang='lat' dir='ltr'><strong>in</strong></span> <span class='ocrx_word' id='word_1_53' title='bbox 1263 984 1523 1044; x_wconf 86' lang='lat' dir='ltr'><strong>publicum</strong></span> <span class='ocrx_word' id='word_1_54' title='bbox 1548 1003 1658 1047; x_wconf 84' lang='lat' dir='ltr'><strong>pro-</strong></span> 
     </span>
     <span class='ocr_line' id='line_1_10' title="bbox 314 1066 1655 1121; baseline 0.007 -10"><span class='ocrx_word' id='word_1_55' title='bbox 314 1066 524 1113; x_wconf 83' lang='lat' dir='ltr'><strong>ferendo</strong></span> <span class='ocrx_word' id='word_1_56' title='bbox 576 1069 802 1115; x_wconf 85' lang='lat' dir='ltr'><strong>laborem</strong></span> <span class='ocrx_word' id='word_1_57' title='bbox 852 1088 944 1116; x_wconf 86' lang='lat' dir='ltr'><strong>nec</strong></span> <span class='ocrx_word' id='word_1_58' title='bbox 994 1072 1231 1118; x_wconf 82' lang='lat' dir='ltr'><strong>scientiae</strong></span> <span class='ocrx_word' id='word_1_59' title='bbox 1280 1075 1516 1120; x_wconf 87' lang='lat' dir='ltr'><strong>inutilem</strong></span> <span class='ocrx_word' id='word_1_60' title='bbox 1562 1092 1655 1121; x_wconf 88' lang='lat' dir='ltr'><strong>nec</strong></span> 
     </span>
     <span class='ocr_line' id='line_1_11' title="bbox 312 1154 1654 1224; baseline 0.007 -23"><span class='ocrx_word' id='word_1_61' title='bbox 312 1154 600 1202; x_wconf 81' lang='lat' dir='ltr'>fautoribus</span> <span class='ocrx_word' id='word_1_62' title='bbox 650 1158 754 1215; x_wconf 76' lang='lat' dir='ltr'><strong>ejus</strong></span> <span class='ocrx_word' id='word_1_63' title='bbox 792 1159 1049 1222; x_wconf 80' lang='lat' dir='ltr'><strong>ingratum</strong></span> <span class='ocrx_word' id='word_1_64' title='bbox 1090 1176 1408 1224; x_wconf 77' lang='lat' dir='ltr'><strong>suscepturos</strong></span> <span class='ocrx_word' id='word_1_65' title='bbox 1445 1181 1541 1210; x_wconf 89' lang='lat' dir='ltr'><strong>nos</strong></span> <span class='ocrx_word' id='word_1_66' title='bbox 1579 1181 1654 1211; x_wconf 84' lang='lat' dir='ltr'><strong>ra·</strong></span> 
     </span>
     <span class='ocr_line' id='line_1_12' title="bbox 315 1245 1655 1314; baseline 0.007 -25"><span class='ocrx_word' id='word_1_67' title='bbox 315 1245 379 1301; x_wconf 88' lang='lat' dir='ltr'><strong>ti,</strong></span> <span class='ocrx_word' id='word_1_68' title='bbox 419 1258 528 1292; x_wconf 91' lang='lat' dir='ltr'><strong>toto</strong></span> <span class='ocrx_word' id='word_1_69' title='bbox 566 1247 734 1292; x_wconf 86' lang='lat' dir='ltr'><strong>animo</strong></span> <span class='ocrx_word' id='word_1_70' title='bbox 774 1249 834 1293; x_wconf 87' lang='lat' dir='ltr'><strong>ad</strong></span> <span class='ocrx_word' id='word_1_71' title='bbox 874 1265 998 1310; x_wconf 89' lang='lat' dir='ltr'><strong>opus</strong></span> <span class='ocrx_word' id='word_1_72' title='bbox 1038 1252 1233 1314; x_wconf 80' lang='lat' dir='ltr'>accingi</span> <span class='ocrx_word' id='word_1_73' title='bbox 1271 1254 1553 1313; x_wconf 86' lang='lat' dir='ltr'><strong>coepimus:</strong></span> <span class='ocrx_word' id='word_1_74' title='bbox 1603 1255 1655 1299; x_wconf 67' lang='lat' dir='ltr'><strong>ea</strong></span> 
     </span>
     <span class='ocr_line' id='line_1_13' title="bbox 315 1334 1653 1404; baseline 0.006 -24"><span class='ocrx_word' id='word_1_75' title='bbox 315 1334 469 1380; x_wconf 88' lang='lat' dir='ltr'><strong>simul</strong></span> <span class='ocrx_word' id='word_1_76' title='bbox 519 1353 602 1397; x_wconf 91' lang='lat' dir='ltr'><strong>spe</strong></span> <span class='ocrx_word' id='word_1_77' title='bbox 648 1336 795 1393; x_wconf 87' lang='lat' dir='ltr'><strong>fulti,</strong></span> <span class='ocrx_word' id='word_1_78' title='bbox 859 1337 993 1395; x_wconf 89' lang='lat' dir='ltr'><strong>fore,</strong></span> <span class='ocrx_word' id='word_1_79' title='bbox 1050 1351 1106 1384; x_wconf 91' lang='lat' dir='ltr'><strong>ut</strong></span> <span class='ocrx_word' id='word_1_80' title='bbox 1154 1342 1298 1387; x_wconf 84' lang='lat' dir='ltr'><strong>Flora</strong></span> <span class='ocrx_word' id='word_1_81' title='bbox 1356 1344 1653 1404; x_wconf 80' lang='lat' dir='ltr'><strong>germanica,</strong></span> 
     </span>
     <span class='ocr_line' id='line_1_14' title="bbox 313 1426 1654 1490; baseline 0.008 -22"><span class='ocrx_word' id='word_1_82' title='bbox 313 1426 595 1488; x_wconf 80' lang='lat' dir='ltr'><strong>mycologis</strong></span> <span class='ocrx_word' id='word_1_83' title='bbox 632 1427 864 1486; x_wconf 88' lang='lat' dir='ltr'><strong>pluribus</strong></span> <span class='ocrx_word' id='word_1_84' title='bbox 911 1430 1197 1490; x_wconf 84' lang='lat' dir='ltr'><strong>exemplum</strong></span> <span class='ocrx_word' id='word_1_85' title='bbox 1242 1443 1476 1478; x_wconf 87' lang='lat' dir='ltr'><strong>nostrum</strong></span> <span class='ocrx_word' id='word_1_86' title='bbox 1516 1449 1654 1478; x_wconf 89' lang='lat' dir='ltr'><strong>secu-</strong></span> 
     </span>
     <span class='ocr_line' id='line_1_15' title="bbox 313 1513 1654 1583; baseline 0.007 -26"><span class='ocrx_word' id='word_1_87' title='bbox 313 1513 406 1569; x_wconf 88' lang='lat' dir='ltr'><strong>tis,</strong></span> <span class='ocrx_word' id='word_1_88' title='bbox 463 1515 694 1561; x_wconf 86' lang='lat' dir='ltr'><strong>uberiore</strong></span> <span class='ocrx_word' id='word_1_89' title='bbox 738 1518 1005 1576; x_wconf 84' lang='lat' dir='ltr'>paullatim</span> <span class='ocrx_word' id='word_1_90' title='bbox 1055 1518 1336 1582; x_wconf 79' lang='lat' dir='ltr'>fungorum</span> <span class='ocrx_word' id='word_1_91' title='bbox 1383 1522 1654 1583; x_wconf 77' lang='lat' dir='ltr'><strong>indigeno-</strong></span> 
     </span>
     <span class='ocr_line' id='line_1_16' title="bbox 313 1604 1653 1669; baseline 0.006 -22"><span class='ocrx_word' id='word_1_92' title='bbox 313 1619 427 1647; x_wconf 90' lang='lat' dir='ltr'><strong>rum</strong></span> <span class='ocrx_word' id='word_1_93' title='bbox 463 1604 644 1649; x_wconf 74' lang='lat' dir='ltr'><strong>notitia</strong></span> <span class='ocrx_word' id='word_1_94' title='bbox 682 1605 947 1660; x_wconf 88' lang='lat' dir='ltr'><strong>ditaretur;</strong></span> <span class='ocrx_word' id='word_1_95' title='bbox 998 1624 1215 1668; x_wconf 89' lang='lat' dir='ltr'><strong>quorum</strong></span> <span class='ocrx_word' id='word_1_96' title='bbox 1251 1610 1498 1669; x_wconf 88' lang='lat' dir='ltr'><strong>plurimos</strong></span> <span class='ocrx_word' id='word_1_97' title='bbox 1539 1611 1653 1655; x_wconf 87' lang='lat' dir='ltr'><strong>altis</strong></span> 
     </span>
     <span class='ocr_line' id='line_1_17' title="bbox 313 1692 1654 1745; baseline 0.007 -10"><span class='ocrx_word' id='word_1_98' title='bbox 313 1692 554 1738; x_wconf 87' lang='lat' dir='ltr'><strong>hactenus</strong></span> <span class='ocrx_word' id='word_1_99' title='bbox 614 1695 834 1740; x_wconf 84' lang='lat' dir='ltr'><strong>tenebris</strong></span> <span class='ocrx_word' id='word_1_100' title='bbox 896 1696 1103 1742; x_wconf 89' lang='lat' dir='ltr'><strong>obrutos</strong></span> <span class='ocrx_word' id='word_1_101' title='bbox 1163 1698 1451 1743; x_wconf 85' lang='lat' dir='ltr'><strong>delitescere</strong></span> <span class='ocrx_word' id='word_1_102' title='bbox 1501 1715 1654 1745; x_wconf 88' lang='lat' dir='ltr'><strong>nemo</strong></span> 
     </span>
     <span class='ocr_line' id='line_1_18' title="bbox 312 1783 1335 1844; baseline 0.007 -18"><span class='ocrx_word' id='word_1_103' title='bbox 312 1797 517 1841; x_wconf 91' lang='lat' dir='ltr'><strong>prorsus</strong></span> <span class='ocrx_word' id='word_1_104' title='bbox 556 1783 627 1828; x_wconf 84' lang='lat' dir='ltr'><strong>rei</strong></span> <span class='ocrx_word' id='word_1_105' title='bbox 662 1784 852 1844; x_wconf 90' lang='lat' dir='ltr'><strong>peritus</strong></span> <span class='ocrx_word' id='word_1_106' title='bbox 891 1786 1208 1832; x_wconf 83' lang='lat' dir='ltr'><strong>dubitaturus</strong></span> <span class='ocrx_word' id='word_1_107' title='bbox 1250 1800 1335 1833; x_wconf 88' lang='lat' dir='ltr'><strong>est.</strong></span> 
     </span>
    </p>

    <p class='ocr_par' dir='ltr' id='par_1_3' title="bbox 311 1872 1654 2655">
     <span class='ocr_line' id='line_1_19' title="bbox 417 1872 1653 1937; baseline 0.006 -22"><span class='ocrx_word' id='word_1_108' title='bbox 417 1872 562 1933; x_wconf 81' lang='lat' dir='ltr'><strong>Quod</strong></span> <span class='ocrx_word' id='word_1_109' title='bbox 611 1889 710 1933; x_wconf 91' lang='lat' dir='ltr'><strong>quo</strong></span> <span class='ocrx_word' id='word_1_110' title='bbox 759 1872 988 1919; x_wconf 82' lang='lat' dir='ltr'><strong>faciliore</strong></span> <span class='ocrx_word' id='word_1_111' title='bbox 1025 1877 1433 1937; x_wconf 85' lang='lat' dir='ltr'><strong>prosperioreque</strong></span> <span class='ocrx_word' id='word_1_112' title='bbox 1471 1889 1653 1923; x_wconf 81' lang='lat' dir='ltr'><strong>eventu</strong></span> 
     </span>
     <span class='ocr_line' id='line_1_20' title="bbox 315 1961 1652 2027; baseline 0.007 -24"><span class='ocrx_word' id='word_1_113' title='bbox 315 1961 681 2007; x_wconf 85' lang='lat' dir='ltr'><strong>successoribus</strong></span> <span class='ocrx_word' id='word_1_114' title='bbox 720 1963 935 2019; x_wconf 87' lang='lat' dir='ltr'><strong>nostris,</strong></span> <span class='ocrx_word' id='word_1_115' title='bbox 995 1967 1196 2011; x_wconf 84' lang='lat' dir='ltr'><strong>Lusatis</strong></span> <span class='ocrx_word' id='word_1_116' title='bbox 1246 1983 1398 2027; x_wconf 89' lang='lat' dir='ltr'><strong>aeque</strong></span> <span class='ocrx_word' id='word_1_117' title='bbox 1446 1983 1500 2012; x_wconf 88' lang='lat' dir='ltr'><strong>ac</strong></span> <span class='ocrx_word' id='word_1_118' title='bbox 1537 1968 1652 2013; x_wconf 89' lang='lat' dir='ltr'><strong>reli-</strong></span> 
     </span>
     <span class='ocr_line' id='line_1_21' title="bbox 314 2052 1653 2112; baseline 0.007 -20"><span class='ocrx_word' id='word_1_119' title='bbox 314 2064 438 2110; x_wconf 83' lang='lat' dir='ltr'><strong>quae</strong></span> <span class='ocrx_word' id='word_1_120' title='bbox 473 2052 765 2097; x_wconf 84' lang='lat' dir='ltr'><strong>Germaniae</strong></span> <span class='ocrx_word' id='word_1_121' title='bbox 801 2053 1012 2111; x_wconf 87' lang='lat' dir='ltr'><strong>incolis,</strong></span> <span class='ocrx_word' id='word_1_122' title='bbox 1052 2056 1269 2112; x_wconf 88' lang='lat' dir='ltr'><strong>cederet,</strong></span> <span class='ocrx_word' id='word_1_123' title='bbox 1306 2072 1413 2101; x_wconf 90' lang='lat' dir='ltr'><strong>non</strong></span> <span class='ocrx_word' id='word_1_124' title='bbox 1453 2068 1653 2102; x_wconf 86' lang='lat' dir='ltr'><strong>tantum</strong></span> 
     </span>
     <span class='ocr_line' id='line_1_22' title="bbox 312 2138 1652 2206; baseline 0.009 -25"><span class='ocrx_word' id='word_1_125' title='bbox 312 2138 368 2182; x_wconf 92' lang='lat' dir='ltr'><strong>in</strong></span> <span class='ocrx_word' id='word_1_126' title='bbox 405 2138 726 2202; x_wconf 86' lang='lat' dir='ltr'><strong>singulorum</strong></span> <span class='ocrx_word' id='word_1_127' title='bbox 774 2141 1051 2206; x_wconf 82' lang='lat' dir='ltr'><strong>fungorum</strong></span> <span class='ocrx_word' id='word_1_128' title='bbox 1098 2146 1475 2191; x_wconf 84' lang='lat' dir='ltr'><strong>enumeratione</strong></span> <span class='ocrx_word' id='word_1_129' title='bbox 1512 2164 1652 2193; x_wconf 86' lang='lat' dir='ltr'><strong>cura·</strong></span> 
     </span>
     <span class='ocr_line' id='line_1_23' title="bbox 314 2228 1654 2297; baseline 0.008 -26"><span class='ocrx_word' id='word_1_130' title='bbox 314 2228 413 2273; x_wconf 88' lang='lat' dir='ltr'><strong>tius</strong></span> <span class='ocrx_word' id='word_1_131' title='bbox 468 2240 752 2290; x_wconf 87' lang='lat' dir='ltr'><strong>temporum</strong></span> <span class='ocrx_word' id='word_1_132' title='bbox 799 2235 1044 2279; x_wconf 83' lang='lat' dir='ltr'><strong>natalium</strong></span> <span class='ocrx_word' id='word_1_133' title='bbox 1081 2235 1412 2297; x_wconf 85' lang='lat' dir='ltr'><strong>locorumque</strong></span> <span class='ocrx_word' id='word_1_134' title='bbox 1449 2238 1531 2282; x_wconf 88' lang='lat' dir='ltr'><strong>vel</strong></span> <span class='ocrx_word' id='word_1_135' title='bbox 1567 2253 1654 2283; x_wconf 87' lang='lat' dir='ltr'><strong>na-</strong></span> 
     </span>
     <span class='ocr_line' id='line_1_24' title="bbox 313 2318 1652 2384; baseline 0.009 -24"><span class='ocrx_word' id='word_1_136' title='bbox 313 2318 555 2363; x_wconf 87' lang='lat' dir='ltr'><strong>turalium</strong></span> <span class='ocrx_word' id='word_1_137' title='bbox 604 2322 686 2365; x_wconf 87' lang='lat' dir='ltr'><strong>vel</strong></span> <span class='ocrx_word' id='word_1_138' title='bbox 730 2322 1130 2369; x_wconf 87' lang='lat' dir='ltr'><strong>individualium</strong></span> <span class='ocrx_word' id='word_1_139' title='bbox 1177 2325 1260 2383; x_wconf 91' lang='lat' dir='ltr'><strong>(in</strong></span> <span class='ocrx_word' id='word_1_140' title='bbox 1304 2327 1652 2384; x_wconf 87' lang='lat' dir='ltr'><strong>Hymenothe-</strong></span> 
     </span>
     <span class='ocr_line' id='line_1_25' title="bbox 313 2405 1649 2467; baseline 0.008 -18"><span class='ocrx_word' id='word_1_141' title='bbox 313 2405 402 2450; x_wconf 90' lang='lat' dir='ltr'><strong>ciis</strong></span> <span class='ocrx_word' id='word_1_142' title='bbox 450 2411 764 2467; x_wconf 87' lang='lat' dir='ltr'><strong>praesertim,</strong></span> <span class='ocrx_word' id='word_1_143' title='bbox 822 2412 1141 2458; x_wconf 86' lang='lat' dir='ltr'><strong>domicilium</strong></span> <span class='ocrx_word' id='word_1_144' title='bbox 1199 2414 1354 2460; x_wconf 87' lang='lat' dir='ltr'><strong>fixius</strong></span> <span class='ocrx_word' id='word_1_145' title='bbox 1407 2417 1649 2461; x_wconf 88' lang='lat' dir='ltr'><strong>servanti-</strong></span> 
     </span>
     <span class='ocr_line' id='line_1_26' title="bbox 311 2493 1650 2565; baseline 0.01 -28"><span class='ocrx_word' id='word_1_146' title='bbox 311 2493 437 2552; x_wconf 88' lang='lat' dir='ltr'><strong>bus)</strong></span> <span class='ocrx_word' id='word_1_147' title='bbox 476 2496 724 2544; x_wconf 89' lang='lat' dir='ltr'><strong>indicium</strong></span> <span class='ocrx_word' id='word_1_148' title='bbox 760 2503 1097 2548; x_wconf 87' lang='lat' dir='ltr'><strong>necessarium</strong></span> <span class='ocrx_word' id='word_1_149' title='bbox 1120 2504 1357 2549; x_wconf 88' lang='lat' dir='ltr'><strong>duximus</strong></span> <span class='ocrx_word' id='word_1_150' title='bbox 1380 2521 1650 2565; x_wconf 78' lang='lat' dir='ltr'><strong>—--verum</strong></span> 
     </span>
     <span class='ocr_line' id='line_1_27' title="bbox 313 2588 1650 2655; baseline 0.01 -29"><span class='ocrx_word' id='word_1_151' title='bbox 313 2594 361 2627; x_wconf 91' lang='lat' dir='ltr'><strong>et</strong></span> <span class='ocrx_word' id='word_1_152' title='bbox 407 2588 660 2632; x_wconf 86' lang='lat' dir='ltr'><strong>nonnulla</strong></span> <span class='ocrx_word' id='word_1_153' title='bbox 711 2590 771 2634; x_wconf 87' lang='lat' dir='ltr'><strong>ad</strong></span> <span class='ocrx_word' id='word_1_154' title='bbox 821 2593 1110 2637; x_wconf 85' lang='lat' dir='ltr'><strong>universam</strong></span> <span class='ocrx_word' id='word_1_155' title='bbox 1170 2593 1392 2655; x_wconf 83' lang='lat' dir='ltr'><strong>regionis</strong></span> <span class='ocrx_word' id='word_1_156' title='bbox 1447 2605 1650 2639; x_wconf 84' lang='lat' dir='ltr'><strong>nostrae</strong></span> 
     </span>
    </p>
   </div>
   <div class='ocr_carea' id='block_1_3' title="bbox 313 2676 1651 2743">
    <p class='ocr_par' dir='ltr' id='par_1_4' title="bbox 313 2676 1651 2743">
     <span class='ocr_line' id='line_1_28' title="bbox 313 2676 1651 2743; baseline 0.009 -27"><span class='ocrx_word' id='word_1_157' title='bbox 313 2676 695 2736; x_wconf 79' lang='lat' dir='ltr'><strong>topographiam</strong></span> <span class='ocrx_word' id='word_1_158' title='bbox 729 2681 1100 2743; x_wconf 76' lang='lat' dir='ltr'><strong>mycologicam</strong></span> <span class='ocrx_word' id='word_1_159' title='bbox 1127 2682 1402 2742; x_wconf 84' lang='lat' dir='ltr'><strong>spectantia</strong></span> <span class='ocrx_word' id='word_1_160' title='bbox 1441 2699 1651 2728; x_wconf 87' lang='lat' dir='ltr'><strong>comme-</strong></span> 
     </span>
    </p>
   </div>
  </div>
 </body>
</html>
