1928 3051
1429 139 1482 180 53

137 269 247 299 totus
276 259 361 299 fere
390 259 553 298 tandein
582 259 821 310 applanatus
856 258 1170 307 subevanescat,
1216 259 1355 299 discus
1384 274 1479 299 sen-

136 336 210 372 sim
240 334 514 386 planiusculus
543 347 685 386 parum
705 336 949 386 marginatus
973 333 1223 381 efflorma'tur.
1282 335 1372 386 Qua
1392 348 1479 372 me—

135 409 394 459 tainorphosi
430 409 620 460 peracta,
665 407 813 460 Fungus
854 420 999 448 noster
1034 410 1245 448 induratus
1284 422 1332 447 ac
1370 418 1478 448 totus

135 482 313 529 solidus,
345 496 366 520 e
394 482 757 534 livido-fuligineo
786 486 1012 535 nigricans,
1058 484 1126 522 diu
1155 486 1363 536 persistit:
1405 485 1478 521 Pe-

134 557 243 593 zizae
271 556 348 610 jam
376 557 543 608 alicujus
573 559 784 594 coriaceae
812 557 936 596 durae
965 572 1102 597 crasse
1132 560 1360 609 stipitatae,
1401 557 1478 596 ob-

133 630 264 669 solete
293 634 535 682 marginatae
565 639 644 668 etc.
676 633 852 668 Imitator
880 631 984 669 adeo
1013 632 1149 678 fallax,
1181 642 1225 669 ut
1254 632 1297 669 P.
1320 631 1479 669 alaeam

133 704 242 741 Pers.
274 706 491 755 Synonymi
530 703 642 740 dubii
678 707 719 741 in
757 705 892 742 locum
929 704 1173 756 subjungere
1202 708 1477 744 necessarium

131 777 376 815 duxerimus.
416 799 471 806 —-
508 777 673 828 Quanto
720 787 902 816 ceterum
939 777 1027 830 jure
1064 781 1106 815 in
1141 779 1276 816 limine
1316 783 1478 831 generis

131 853 266 902 posita
294 854 346 889 sit
373 850 477 889 haee
507 853 691 903 species,
723 851 838 890 facile
867 862 1006 903 patet:
1052 852 1222 891 historia
1251 857 1359 891 enim
1391 853 1477 906 ejus

131 924 214 963 Fere
244 935 329 962 tota
358 934 421 963 est
454 923 773 972 Thelebolorum,
805 925 951 978 quibus
979 926 1098 974 olim,
1129 929 1205 965 rite
1237 940 1331 965 sane
1352 940 1476 979 augu-

128 1008 243 1037 rante
282 999 333 1038 b,-
369 998 498 1046 Tode,
549 999 660 1037 haud
696 1013 851 1051 paucae
892 1001 1096 1039 Pezizulae
1133 1001 1476 1054 Sphaeriolaeque

129 1076 356 1112 accuratius
384 1077 645 1126 investigatae
673 1074 1028 1114 accensebuntur:
1069 1071 1266 1130 cf.f1mg.
1296 1075 1407 1114 mekl.
1438 1076 1473 1124 I,

128 1161 171 1198 p.
201 1152 267 1197 42.
333 1147 381 1185 In
418 1162 463 1186 re
504 1158 640 1186 tamen
675 1152 854 1201 ancipite
891 1150 1080 1201 globulus
1107 1152 1216 1188 iners
1247 1150 1476 1189 subsultum

129 1221 358 1274 denegans,
400 1223 476 1259 una
516 1236 610 1261 cum
645 1223 783 1261 habitu
811 1237 859 1262 ac
889 1224 1058 1271 colore,
1106 1237 1184 1262 nos
1214 1224 1391 1272 induxit,
1431 1235 1476 1262 ut

127 1294 293 1347 fungum
320 1307 508 1335 nostrum
536 1297 820 1349 Sphaeriarum
864 1301 1002 1350 generi
1039 1298 1391 1338 subnecteremus.
1422 1320 1475 1329 --

126 1370 280 1409 Ramos
319 1381 429 1410 totos
465 1375 670 1424 gregarius
707 1383 885 1425 occupat
921 1372 1021 1410 Alai
1052 1373 1310 1425 Rhamnique
1338 1374 1471 1411 Fran-

124 1443 266 1495 gulae,
297 1445 399 1484 laete
429 1449 567 1498 vigens
599 1456 841 1498 tempestate
870 1447 1018 1499 pluvi-2¹.
1077 1447 1230 1500 Aprili,
1261 1448 1390 1486 Maio.

423 1584 460 1609 2.
518 1571 1178 1611 STILBOSPORA.

231 1666 314 1704 150.
360 1668 399 1705 S.
442 1678 872 1721 asterosperma.

121 1739 275 1778 Stellae
303 1755 397 1779 mox
425 1742 500 1780 bi·
528 1757 623 1781 mox
652 1744 915 1795 tricuspides.
981 1743 1028 1781 In
1065 1746 1187 1783 ramis
1224 1743 1322 1782 hinc
1358 1744 1467 1791 inde,

121 1817 247 1853 rarior
283 1826 417 1854 tamen
453 1817 562 1868 apud
598 1831 676 1857 nos
714 1818 879 1871 reliquis
916 1818 1151 1870 speciebus.
1226 1819 1470 1858 Praesertim

121 1888 305 1929 vernalis.

230 1965 316 2004 151.
364 1967 404 2003 S.
438 1976 606 2005 ovata.

121 2037 320 2089 spor-ulae
358 2053 435 2091 pro
471 2044 632 2093 generis
668 2044 826 2080 ratione
853 2055 1047 2094 magnae,
1088 2043 1248 2093 nigrae,
1288 2040 1464 2093 glabrae,

120 2113 291 2164 septulis
321 2114 562 2163 destitutae,
594 2115 725 2154 forma
754 2131 845 2154 cuin
876 2120 993 2154 icone
1021 2116 1295 2153 Persooniana
1328 2125 1466 2154 exacte

121 2191 436 2227 convenientes:
483 2200 522 2226 at
560 2189 688 2242 figura
723 2188 1049 2247 Hoffmanniana
1093 2203 1233 2240 nonne
1272 2190 1465 2229 aliorsum

119 2262 327 2312 pertinet?
361 2284 414 2291 —
450 2263 611 2302 Crescit
648 2264 698 2302 ad
734 2264 838 2317 ligna
867 2268 976 2304 sicca
1004 2267 1135 2312 varia,
1172 2273 1351 2313 aestate,
1394 2278 1463 2302 au-

120 2344 278 2374 tuumo.

228 2410 314 2449 152.
361 2411 400 2449 S.
442 2421 737 2463 angustata.

118 2484 283 2522 Praeter
310 2498 447 2524 ramos
484 2485 610 2525 duros
649 2489 782 2526 siccos
812 2486 913 2524 haec
942 2489 983 2523 in
1010 2486 1129 2538 lignis
1159 2500 1324 2539 quoque
1355 2485 1461 2524 abie-

120 2560 210 2595 tinis
238 2560 448 2612 pincisque
476 2559 715 2612 putrefactis
751 2561 1011 2600 humentibus
1040 2560 1233 2614 frequens
1263 2565 1460 2608 occurrit,

117 2633 370 2684 glomeratim
399 2634 627 2687 profluens.
683 2636 892 2675 Autumno
909 2667 918 2684 ,
948 2650 1058 2675 vere.
