1928 3051
395 158 447 211 96

405 280 648 323 mediocris,
680 277 844 323 firmus,
875 276 1009 322 rufus,
1039 277 1226 316 rutilans:
1259 277 1505 329 pet-idiorum
1533 281 1736 320 interdum

396 353 698 392 subimtantium
740 361 880 389 cortex
919 354 1092 388 exterior
1125 355 1166 388 in
1196 364 1382 402 squamus
1411 353 1534 391 solito
1564 359 1738 394 crassio-

394 441 460 466 res
490 426 737 463 furfur-”tows
767 424 949 462 solvitur.
1017 425 1081 462 Ad
1121 435 1289 464 truncos
1324 429 1579 480 corticesque
1608 431 1736 480 inpri-

395 504 469 538 mis
514 502 650 551 pineus
691 508 732 536 et
772 496 965 535 abiecinos
1010 498 1115 536 haud
1159 499 1264 538 adeo
1308 501 1544 553 infrequens
1590 502 1734 544 nobis2

394 584 570 619 aestate,
601 582 794 610 autumno
813 602 822 618 ,
855 572 1018 624 hyeme.

500 647 588 686 265.
637 648 681 685 P.
723 649 990 698 tigrinum.

396 721 638 776 Squamulae
666 725 707 759 in
734 722 819 759 aliis
848 723 943 759 satis
970 734 1163 772 grossae,
1204 724 1243 759 in
1282 722 1366 761 aliis
1396 722 1564 762 subtiles
1592 724 1735 775 pulve-

394 796 595 841 rulentam
626 795 829 838 interdum
859 797 976 832 etiam
1007 795 1256 834 obliteratae.
1315 796 1372 834 Ex
1409 800 1520 835 omni
1552 809 1734 836 ceterum

394 873 527 921 capite
566 884 657 908 cuin
695 872 816 907 icone
854 868 928 907 cel.
972 868 1190 906 Schrader-i
1229 874 1478 909 conveniunt
1509 876 1735 924 specimina

391 955 550 983 nostra:
593 944 666 983 sed
707 942 953 980 columellam
998 944 1226 982 distinctam
1258 957 1340 982 non
1367 947 1732 987 animadvertimus.

392 1019 515 1069 Ligna
556 1018 715 1070 putrida
755 1016 933 1055 abietina
960 1021 1111 1069 passim
1140 1017 1306 1065 incolit,
1353 1033 1496 1071 parum
1524 1021 1731 1074 frequens.

392 1094 500 1130 Nov.
533 1094 638 1130 Dec.

495 1166 586 1204 266.
633 1167 675 1204 P.
714 1166 1060 1204 Farinaceum.

757 1254 798 1286 α,
828 1238 1032 1290 globosum

754 1312 801 1362 β,
834 1313 1056 1366 depressum
1090 1314 1273 1366 Tretzcep.

391 1388 456 1427 Cf.
499 1386 668 1427 Schrad.
710 1402 796 1426 nov.
834 1403 926 1440 gen.
964 1388 1019 1440 pl.
1058 1403 1100 1440 p.
1133 1388 1197 1426 26.
1257 1387 1390 1440 Stipes
1417 1388 1544 1428 modo
1573 1391 1733 1429 medio-

392 1466 497 1510 cris,
537 1463 662 1501 modo
688 1461 846 1509 brevis,
882 1463 1006 1501 modo
1044 1463 1109 1512 (in
1137 1463 1372 1502 muscicolis
1401 1467 1663 1515 praesertim,
1693 1475 1734 1504 at

392 1547 433 1576 et
462 1537 648 1589 epixylis)
679 1540 740 1575 vix
767 1538 883 1576 ullus.
943 1536 1109 1575 Periclia
1139 1551 1262 1588 saepe
1293 1537 1406 1582 bina,
1444 1541 1573 1577 rarius
1603 1549 1731 1587 terna,

392 1622 581 1651 connata.
655 1611 895 1650 Columellae
931 1615 971 1649 in
998 1612 1082 1650 aliis
1110 1611 1384 1649 rudimentum
1417 1612 1649 1664 quoddam,
1691 1616 1733 1651 in

390 1686 474 1724 aliis
514 1700 565 1724 ne
595 1686 677 1724 hoc
710 1686 899 1738 quidem,
951 1685 1269 1724 observavimus.
1339 1686 1592 1737 Corpuscula
1627 1690 1733 1726 varia

391 1770 571 1812 occupat
601 1763 762 1811 species
791 1760 984 1812 vulgaris,
1016 1763 1056 1798 in
1084 1763 1176 1811 ipso
1207 1763 1327 1799 etiam
1355 1759 1453 1798 fimo
1482 1764 1632 1813 equino
1654 1775 1732 1800 no-

391 1835 453 1874 bis
482 1838 586 1873 visa:
617 1837 809 1886 perennis
838 1833 937 1872 fere.

208 1910 367 1941 Tab.11·
496 1908 582 1960 207.
628 1909 672 1946 P.
713 1909 901 1946 Clavus
941 1921 1103 1946 Noms.

247 1974 274 2004 f*
297 1983 325 2004 ‘·'⁴·
393 1982 438 2020 P.
469 1984 715 2034 stipittctum,
744 1981 901 2034 periclio
929 1979 1150 2038 pileisormi
1179 1981 1311 2019 subtus
1340 1984 1481 2035 nigro,
1518 1997 1640 2035 supra
1660 1980 1732 2040 fa-

391 2057 481 2094 ritui
508 2056 648 2093 villose}
678 2057 833 2094 cineret}
863 2057 978 2094 dense
1007 2071 1227 2109 conspersa

496 2131 648 2169 Colore
690 2131 851 2183 quidem
889 2134 1066 2169 omnium
1096 2131 1181 2170 fere
1210 2135 1410 2183 partium,
1449 2131 1586 2170 habitu
1615 2131 1733 2171 firmo

392 2215 535 2252 curto,
574 2218 620 2242 ac
650 2214 882 2256 tegumento
925 2218 1123 2244 convexae
1159 2205 1255 2256 pilei
1284 2205 1514 2257 superficiei
1543 2208 1732 2245 convenit

391 2294 482 2317 atum
511 2279 810 2331 praecedente:
842 2279 916 2318 sed
944 2278 1072 2317 formai
1097 2283 1336 2331 praesertim
1367 2280 1512 2332 peridii
1541 2291 1732 2320 constan-

392 2355 542 2393 tissima
561 2383 570 2401 ‚
601 2368 622 2392 a
653 2364 742 2392 toto
770 2354 926 2406 reliquo
954 2368 1103 2406 genere
1132 2368 1300 2406 prorsus
1329 2355 1452 2392 aliena
1469 2384 1478 2400 ‚
1510 2357 1634 2406 magis
1661 2354 1731 2392 al)-

392 2428 558 2475 horret,
600 2442 715 2480 quam
745 2438 790 2466 ut
817 2428 1006 2481 conjungi
1041 2439 1172 2481 queat.
1232 2428 1366 2481 Stipes
1393 2429 1630 2480 perbrevis,
1669 2428 1729 2464 (li.-

391 2501 555 2538 midium
586 2516 619 2540 s.
651 2505 849 2554 integrum
879 2503 1024 2554 peridii
1053 2503 1289 2541 dia111(·truin
1320 2516 1522 2554 aequans,
1558 2503 1725 2548 validus,

391 2575 654 2622 substriatus,
703 2581 837 2629 niger,
895 2575 1191 2614 membranulae
1243 2578 1458 2615 concolori
1503 2579 1730 2627 impositus.

398 2648 558 2688 l'cridin
586 2650 828 2702 majuscula,
861 2651 1119 2698 orbicularia,
1149 2651 1450 2690 liorizontaliter
1477 2650 1592 2689 valde
1613 2663 1729 2689 com-
