1928 3051
445 212 521 252 286
1005 233 1126 240 -w
1135 231 1235 237 --Ἀ

548 329 639 368 851.
687 328 735 366 C.
778 327 927 365 flava.

445 405 586 443 Variat
613 401 797 455 apicibus
835 400 967 439 vivide
1005 398 1134 439 luteis.
1201 399 1250 439 In
1279 400 1400 453 sylvis
1429 402 1548 440 variis
1576 400 1782 454 frequens,

445 492 569 530 saepe
598 481 740 528 ingens
770 485 811 514 et
839 477 1100 529 crassissima.
1158 475 1399 514 Praesertim
1428 475 1668 529 Septembri.

549 550 639 589 852.
687 550 732 588 C.
771 550 1030 602 Botrytis.

813 639 854 668 α,
887 625 1097 661 communis

445 699 641 750 Elegans,
673 698 833 750 grandis
861 712 1182 750 nonnumquam.
1241 699 1371 749 Saepe
1401 710 1447 736 ex
1475 697 1620 736 eodem
1647 708 1790 737 trunco

447 775 550 810 rami
577 782 791 825 assurgunt
819 772 883 811 alii
901 773 1119 826 regulares,
1150 772 1213 810 alii
1234 771 1445 811 difformes
1464 772 1639 824 elongati
1664 772 1790 812 crassi

447 848 608 895 obtusi,
658 847 822 885 ramulis
859 850 954 886 item
1001 847 1200 886 obtusatis
1238 850 1382 899 parcis.
1460 846 1653 898 Speciene
1696 860 1790 886 vere

447 922 637 962 differant
665 924 759 960 NN.
791 921 877 961 850.
906 921 994 961 851.
1023 921 1124 969 852,
1157 921 1232 960 sub
1259 921 1394 974 judice
1423 922 1469 961 lis
1497 931 1570 961 est.
1621 922 1789 960 Minime

446 1009 535 1034 rara
571 1000 612 1034 in
652 997 774 1050 sylvis
821 998 883 1045 (v.
923 1011 959 1035 c.
1008 995 1201 1040 Dabunt,-
1253 996 1536 1048 Basasthstgeh
1584 995 1792 1034 Moholzer

450 1070 605 1115 Haidc;
640 1072 794 1110 Wieser
824 1072 994 1122 Bet-ge).
1052 1071 1243 1117 Aestate,
1275 1081 1482 1109 autumno.

787 1197 835 1248 b)
897 1197 1425 1234 Tenuicaulcs.

553 1293 644 1332 853.
691 1294 740 1332 C.
778 1293 1024 1332 abietina.

448 1370 611 1421 Fungus
639 1378 806 1415 noster,
847 1368 943 1406 dum
983 1372 1116 1420 viget,
1158 1368 1221 1406 vel
1262 1371 1463 1407 contritus
1502 1370 1566 1406 vix
1604 1370 1791 1406 virescit:

449 1443 631 1482 exoletus
660 1445 837 1482 virorem
870 1443 1082 1482 sordidum
1121 1443 1325 1496 quendam
1361 1443 1500 1481 induit.
1565 1443 1686 1481 Ludit
1724 1457 1793 1482 ce·-

450 1527 581 1557 terum
608 1517 912 1570 magnitudine,
956 1519 1160 1570 ramisque
1194 1532 1305 1556 nunc
1345 1517 1648 1566 strictioribus,
1686 1530 1796 1556 nunc

448 1591 666 1630 laxioribus
696 1593 1034 1645 tenuioribusque
1064 1594 1159 1645 (per
1186 1602 1358 1631 aetatem
1383 1592 1523 1631 forsan
1550 1592 1751 1647 juniorem
1763 1594 1793 1644 ).

451 1666 587 1717 Sapor
622 1680 699 1718 per
737 1670 871 1707 varios
907 1668 1054 1720 gradus
1095 1680 1267 1706 amarus.
1346 1668 1528 1719 Copiose
1566 1666 1718 1716 crescit
1753 1666 1796 1704 in

449 1741 570 1794 sylvis
599 1740 784 1779 abietinis
810 1743 985 1789 nostris,
1017 1742 1080 1779 vix
1107 1742 1216 1788 aliis,
1256 1744 1433 1794 passim,
1474 1741 1577 1780 locis
1607 1754 1796 1793 praeser-

450 1818 522 1853 tim
548 1820 773 1863 muscosis,
813 1816 1076 1868 utplurimum
1117 1819 1363 1864 terrestris,
1384 1816 1590 1855 rarissime
1627 1825 1796 1854 trunco-

449 1904 539 1928 rum
567 1894 746 1942 putrium
774 1891 922 1929 incola.
980 1891 1045 1930 Ab
1065 1892 1251 1943 Augusto
1281 1894 1322 1929 in
1340 1890 1620 1929 Noveuibrem
1648 1902 1794 1943 usque.

553 1966 645 2015 854.
692 1966 740 2003 C.
783 1966 1048 2018 pyxidata.

449 2040 572 2078 Initio
613 2039 770 2088 albida,
812 2041 994 2092 apicibus
1035 2041 1125 2093 plus
1159 2041 1294 2079 minus
1326 2040 1646 2079 rufescentibus:
1684 2049 1799 2078 vetu-

449 2117 552 2153 stior
579 2125 647 2153 aut
675 2117 873 2154 exsiccata
901 2125 987 2153 tota
1015 2115 1100 2154 fere
1137 2114 1321 2154 rufescit.
1388 2117 1580 2154 Truncos
1619 2123 1798 2167 occupat

448 2191 490 2226 in
519 2189 638 2228 terris
665 2192 817 2229 nostris
846 2190 1013 2229 nonnisi
1039 2191 1178 2243 pitzeos
1207 2190 1388 2229 cariosos
1407 2199 1590 2229 vetustos
1607 2218 1617 2237 ,
1646 2192 1688 2226 in
1711 2192 1800 2242 qui-

448 2262 526 2301 bus
554 2263 646 2302 hinc
674 2264 768 2302 inde
789 2265 972 2303 occurrit
997 2264 1107 2302 haud
1127 2264 1359 2317 infrequens
1381 2263 1797 2314 (Schwesternbuscffi

455 2337 614 2376 Coscler
642 2340 837 2383 Dae'immc;
869 2339 1078 2378 Ilsoholzcr
1107 2340 1281 2391 Haide).
1338 2340 1376 2377 A
1402 2340 1525 2378 Junio
1555 2342 1596 2377 in
1614 2341 1800 2392 Septem-

450 2411 566 2451 brem
594 2426 739 2466 usque.

555 2487 646 2526 855.
695 2489 740 2527 C.
777 2490 1131 2529 corniculata.

457 2559 578 2598 Color
606 2560 755 2611 fflms,
795 2567 838 2602 in
873 2565 1095 2604 vitellinum
1134 2553 1295 2613 abiens,
1335 2566 1544 2618 sequentis
1579 2563 1664 2602 fere
1701 2575 1797 2615 spe-

453 2635 557 2673 ciei:
602 2651 624 2674 a
670 2639 747 2690 quai
796 2648 932 2677 tamen
977 2639 1116 2678 differt
1149 2643 1260 2680 notis
1296 2643 1338 2679 in
1375 2639 1554 2694 Synopsi
1591 2639 1795 2678 indicatis.

454 2709 635 2749 Obvenit
662 2713 835 2763 passim,
874 2714 948 2753 sed
986 2728 1129 2767 parum
1157 2714 1349 2768 frequens
1366 2745 1376 2762 ,
1413 2717 1456 2752 in
1482 2714 1698 2767 gramineis
1726 2727 1799 2752 ne-
