1928 3051
359 189 430 227 155

355 310 431 346 tius
462 319 578 357 quam
609 305 777 356 pilosus.
833 304 962 355 Fungi
999 304 1188 342 rarissimi
1225 303 1351 341 semel
1381 312 1530 341 tantum
1562 317 1697 342 exem-

357 381 419 431 pla
449 380 602 431 aliquot
630 379 814 416 diversae
842 379 1007 423 aetatis,
1040 387 1271 428 aggregata,
1304 386 1490 415 tomento
1513 377 1605 415 albo
1634 381 1697 415 in-

355 454 546 498 sidentia,
578 455 619 489 in
647 451 756 502 pileo
792 449 1033 502 Omphaliae
1062 450 1229 488 adustae
1257 451 1393 489 senilis
1416 463 1611 489 exsuccae
1640 454 1700 488 in·

357 537 472 564 xcnta
509 524 620 563 fuere
661 527 895 576 parasitica:
943 524 1042 563 loco
1072 524 1250 563 abietino
1281 538 1474 563 muscoso
1503 524 1698 564 umbroso

356 599 655 637 liumidiusculo
690 598 924 647 (Molzolzer
955 598 1125 650 I-laide).
1183 584 1320 638 Primo
1352 598 1539 638 Octobri.

459 671 551 724 537.
598 673 648 711 A:
691 672 745 711 G.
785 673 1129 725 argillaceus.
1551 656 1553 659 ι

722 761 763 792 α,
795 745 1030 784 decolorans

719 819 766 869 β,
799 820 1053 858 immutabilis

356 897 454 933 Yar.
497 909 536 941 α,
578 895 851 946 magnitudine
888 896 988 933 ludit
1025 895 1214 933 variabili.
1275 892 1406 932 Pilens
1439 894 1702 945 utplurimum

360 975 448 1020 {f—
470 984 483 1007 1
517 982 611 1007 unc.
643 969 744 1007 latus
775 980 862 1008 est:
902 972 1126 1021 specimina
1167 978 1298 1006 tamen
1330 968 1432 1005 haud
1464 982 1551 1006 rara
1581 972 1702 1006 etiam

357 1044 580 1082 obveniunt
607 1047 780 1095 sesqui-
810 1047 890 1082 imo
930 1044 1155 1081 biuncialia.
1214 1041 1422 1080 Lamellae
1451 1042 1702 1094 subemargi-

353 1111 694 1156 'nato-adnexae.
767 1117 815 1165 β,
854 1121 1093 1168 praesertim
1139 1116 1342 1153 fertilitate
1382 1116 1507 1152 multo
1546 1118 1703 1154 minore

359 1191 495 1242 (quod
525 1194 693 1229 omnino
727 1191 932 1240 notabile)
971 1190 1132 1235 differt,
1182 1190 1291 1226 unde
1329 1187 1503 1226 lamellas
1541 1191 1705 1228 nonnisi

357 1266 496 1303 leviter
531 1264 773 1302 decolorare
812 1277 887 1315 par
925 1274 1001 1302 est.
1072 1263 1241 1301 Cortina
1279 1266 1320 1299 in
1352 1261 1578 1314 junioribus
1617 1277 1700 1301 var.

359 1342 566 1390 utriusque
604 1352 814 1390 praesens.
881 1338 1073 1376 Incolunt
1116 1338 1207 1375 loca
1243 1339 1473 1388 gramiuosa
1509 1336 1703 1375 umbrosa

357 1413 462 1466 juxta
500 1426 590 1450 oras
635 1413 831 1464 sylvarum
876 1415 1097 1450 variarum:
1146 1426 1186 1458 α,
1227 1411 1323 1448 hinc
1360 1411 1453 1448 inde
1492 1410 1700 1463 frequens,

357 1486 402 1535 Β,
435 1486 651 1538 (Sproizer
681 1487 838 1538 Hilgel)
868 1489 1041 1538 parcior.
1099 1485 1353 1537 Septembri,
1387 1485 1578 1524 Octobri.

461 1560 553 1599 538.
600 1561 647 1598 Α.
687 1561 741 1599 G.
784 1561 1112 1599 tricholoma
1149 1573 1320 1598 NOBIS.

358 1635 410 1673 A.
446 1634 490 1672 G.
521 1633 760 1686 subpar-vus,
799 1635 906 1686 pileo
941 1648 1106 1671 carnoso
1126 1655 1140 1662 ·
1159 1633 1458 1671 membranaceo
1486 1632 1608 1685 plano
1638 1632 1703 1670 cle-

361 1724 464 1747 mum
494 1708 676 1761 depresso
707 1710 855 1745 nitente
885 1707 997 1754 albo,
1036 1708 1128 1760 pilis
1164 1710 1312 1760 sparsis
1348 1701 1551 1759 appressis
1580 1707 1700 1752 hirto,

361 1785 546 1834 margine
574 1783 736 1826 cilicum
766 1783 932 1820 lamellis
961 1779 1152 1838 consertis
1182 1781 1477 1819 decurrentibus
1504 1797 1550 1819 ex
1577 1781 1703 1832 argil-

361 1857 470 1895 laceo
492 1853 827 1913 fuscesccntibus;
866 1859 1000 1909 stipite
1037 1856 1228 1895 mediocri
1262 1857 1367 1893 tenui
1396 1869 1546 1893 sursum
1575 1854 1703 1893 subin·

363 1943 538 1968 crassato
568 1932 813 1986 squamnloso
832 1955 851 1960 -
868 1931 994 1984 piloso
1025 1930 1236 1968 albicante.

466 2007 568 2044 Satis
606 2020 812 2058 superque
850 2005 987 2043 differt
1014 2019 1036 2042 a
1063 2005 1338 2056 praecedente
1378 2005 1487 2055 pileo
1521 2018 1600 2042 nec
1630 2017 1704 2042 co-

362 2082 455 2118 nico
483 2094 560 2118 nec
589 2080 836 2127 umbonato,
882 2080 1124 2118 lamellarum
1166 2078 1302 2116 indole
1339 2092 1387 2116 ac
1417 2082 1518 2122 situ,
1561 2079 1705 2129 pilosi-

365 2164 442 2192 tate
481 2164 587 2193 etc.:
628 2158 681 2192 ita
718 2164 758 2192 et
785 2168 807 2192 a
835 2164 1034 2207 sequente
1073 2156 1182 2191 notis
1223 2152 1520 2191 sufficientibus
1560 2152 1705 2190 distin—

364 2239 468 2266 ctam
497 2232 680 2279 speciem
710 2242 824 2275 esse,
855 2231 1064 2279 utriusque
1094 2228 1317 2278 descriptio
1347 2226 1528 2264 docebit.
1575 2226 1706 2263 Pileus

363 2303 619 2341 semuncialis
656 2302 765 2348 fere,
817 2305 970 2349 tenuis,
1018 2302 1093 2341 sed
1130 2313 1248 2340 tenax
1287 2302 1475 2350 (minime
1512 2300 1702 2352 stagilis),

362 2376 524 2414 demum
570 2376 1053 2415 subinfun(libulifortnis:
1104 2376 1190 2428 ejus
1226 2376 1299 2427 pici
1337 2377 1432 2413 dein
1468 2374 1702 2412 rufescunt:

365 2451 457 2487 cilia
486 2455 705 2503 marginem
734 2451 951 2503 aequaliter
990 2454 1213 2503 cingentia,
1256 2450 1467 2495 subrecta,
1506 2462 1584 2486 una
1614 2461 1706 2486 culn

365 2525 582 2576 §quantulis
621 2528 769 2576 stipitis
799 2525 959 2563 tandem
992 2525 1269 2563 obliterantur.
1329 2523 1459 2573 Stipes
1487 2536 1580 2559 unc.
1617 2535 1632 2559 1
1665 2531 1706 2559 et

364 2599 500 2649 paullo
530 2599 631 2637 ultra
658 2600 822 2652 longus,
863 2600 932 2638 lin.
968 2614 983 2637 1
1017 2612 1202 2645 crassus,
1243 2598 1316 2637 sed
1345 2607 1481 2635 tamen
1509 2598 1605 2633 satis
1633 2595 1705 2632 fir·-

365 2684 477 2712 mus.
509 2677 748 2723 praesertim
778 2687 936 2713 sursum
965 2673 1263 2726 squamulosus.
1320 2672 1368 2710 In
1390 2673 1592 2708 montosis
1617 2682 1706 2721 gra—
