1928 3051
489 195 512 206 p·-

488 208 564 234 010

487 313 651 354 sordIde
680 312 1149 363 olivaceo-fuliginosa,
1189 313 1294 350 varie
1321 312 1515 352 flexuosa.
1571 314 1693 354 Notis
1720 314 1822 355 hanc

487 387 670 438 plurimis
707 385 759 423 ad
788 386 833 422 P.
863 385 1061 436 grandem
1089 385 1264 438 Synops.
1301 400 1343 438 p.
1373 385 1465 425 636.
1496 386 1588 439 637.
1613 369 1830 428 'accedere‘

486 463 527 497 in
561 461 702 510 aprico
740 468 825 498 est:
870 459 945 498 sed
982 468 1220 498 constanter
1256 459 1354 497 hinc
1387 459 1504 499 hians
1537 474 1666 513 aeque
1701 474 1751 500 ac
1779 475 1819 509 α,

486 532 736 578 dimidiatur,
767 545 846 571 nec
873 534 1012 584 utique
1039 532 1185 571 limites
1214 535 1452 571 transituum
1480 536 1585 574 inter
1610 545 1824 588 utramque

487 609 587 646 certi
614 606 681 644 ulli
710 615 913 658 prostant.
943 627 996 635 —
1022 605 1275 658 Septembri,
1308 606 1492 645 Octobri.

589 694 681 731 927.
727 681 772 718 P.
814 682 1049 718 onotica.

488 753 659 792 Pulchra
686 756 864 804 specics.
925 752 1046 791 Color
1072 752 1262 805 pallidus,
1293 756 1534 804 praesertim
1562 757 1668 794 intus
1695 755 1825 795 rosel·

486 827 547 866 lus
573 836 641 865 aut
667 826 791 864 dilute
820 827 1060 866 violascens.
1119 827 1233 864 Basis
1261 830 1370 866 intus
1398 831 1656 867 transversim
1677 828 1825 880 plicata

487 900 730 940 colliculosa.
785 901 916 939 Pauca
943 900 1068 940 semel
1097 901 1265 952 legimus
1302 904 1548 952 specimina,
1589 904 1695 940 inter
1723 915 1824 953 quae

485 984 622 1013 tamen
648 977 743 1012 item
773 987 896 1012 unum
925 985 1009 1013 orat
1035 985 1314 1013 monstrosum
1343 978 1577 1013 ventricoso
1593 997 1613 1003 -
1631 974 1824 1014 saccifor-

486 1062 552 1087 me
579 1052 745 1101 ingens,
785 1047 810 1085 5
839 1051 974 1086 uncias
1007 1048 1202 1086 diametro
1231 1061 1424 1099 aequans.
1478 1048 1592 1086 Inter
1622 1048 1716 1086 folia
1745 1062 1823 1099 pu-

486 1122 590 1160 trida
615 1125 657 1160 in
684 1122 878 1174 populeto
912 1121 1216 1161 umbrosissimo
1253 1121 1488 1171 (Mohozzer
1517 1121 1689 1172 Haicle).
1746 1122 1824 1160 Ex-

486 1206 606 1235 eunte
633 1197 764 1233 Junio.

588 1268 680 1320 928.
727 1269 772 1306 P.
813 1271 1067 1307 aurantia.

484 1342 658 1381 Duobus
686 1352 839 1380 tantum
868 1342 969 1381 locis
1006 1342 1204 1393 hactenus
1239 1351 1429 1394 repertus
1464 1341 1608 1395 Fungus
1634 1342 1825 1394 pulcher-

484 1420 634 1455 rimus:
676 1418 717 1453 in
755 1419 906 1454 cortice
949 1419 1120 1454 coriario
1158 1415 1283 1466 (Seer
1326 1415 1570 1467 Lohgruben
1606 1415 1824 1469 frequens)

485 1493 607 1543 inque
635 1490 841 1528 umbrosis
868 1489 1077 1529 frondosis
1116 1492 1183 1539 (in
1211 1492 1395 1529 acumine
1422 1492 1572 1529 montis
1602 1489 1825 1528 Liibavicn-

486 1565 571 1615 sis).
629 1563 882 1615 Septembri,
916 1564 1106 1601 Octobri.

588 1651 676 1689 929.
721 1638 765 1674 P.
807 1637 1055 1675 umbrina.

485 1711 656 1749 Statura
684 1713 807 1748 variat
836 1720 877 1748 et
903 1710 1060 1749 forma:
1089 1724 1394 1763 nonnumquam
1420 1714 1559 1750 exinlie
1581 1713 1821 1763 irregularis,

483 1784 597 1822 valde
637 1793 844 1831 contorta,
881 1784 1015 1834 5-4
1049 1798 1144 1823 unc.
1194 1797 1346 1836 magna.
1416 1785 1542 1824 Extus
1586 1785 1827 1836 plerumque

483 1858 660 1896 dilutior.
718 1858 767 1895 In
793 1861 975 1897 arenosis
1005 1859 1157 1910 (saepe
1184 1859 1325 1910 nudis)
1348 1861 1494 1911 apricis
1521 1858 1823 1910 umbrosisque,

485 1930 732 1970 carbonariis
761 1941 841 1971 etc.
873 1935 1024 1983 passim
1053 1933 1259 1983 frequens.
1323 1932 1517 1978 Aestate,
1559 1942 1767 1970 autumno.

587 2005 678 2056 930.
725 2006 770 2043 P.
813 2005 1076 2044 alutacea.

847 2094 889 2125 oc,
921 2081 1134 2116 communis

848 2152 928 2201 ββ,
957 2141 1175 2190 vesiculosia

848 2240 919 2278 77,
955 2226 1151 2264 undulata

485 2300 605 2338 Varr.
636 2312 778 2338 omnes
806 2309 888 2338 tres
917 2291 1031 2339 extus
1067 2299 1220 2338 furfure
1252 2300 1363 2339 tenui
1391 2299 1526 2338 albido
1559 2310 1824 2349 conspersae.

484 2372 533 2410 In
562 2388 602 2419 α,
643 2374 837 2424 exemplis
871 2374 1097 2412 minoi-Ibus
1134 2377 1253 2412 mixta
1288 2373 1441 2425 majora
1477 2372 1691 2418 nonnulla,
1734 2371 1826 2423 plus

485 2449 617 2484 minus
646 2446 846 2484 difformia
863 2477 872 2494 ,
911 2447 998 2485 basi
1025 2450 1132 2486 intus
1161 2460 1333 2499 rugosa,
1375 2457 1487 2486 extus
1515 2446 1628 2484 valde
1656 2446 1825 2483 13ουηὸ-

486 2532 554 2557 sa:
584 2520 686 2558 haee
715 2521 907 2572 gradatim
938 2531 1148 2559 transeunt
1175 2523 1216 2557 in
1242 2519 1321 2568 ββ,
1353 2530 1651 2565 monstrosam,
1685 2531 1826 2557 sacca-

486 2602 591 2639 tam,
633 2598 809 2646 margine
838 2598 944 2633 varie
973 2598 1165 2641 incisam,
1197 2598 1303 2632 intus
1333 2594 1570 2632 cossieuloso
1588 2615 1608 2622 -
1625 2601 1824 2631 costatam

486 2677 609 2717 saepe-
639 2668 843 2717 pustulato
862 2669 1188 2715 -vesiculosam,
1224 2677 1336 2707 extus
1365 2667 1608 2714 farinosam,
1640 2664 1824 2717 quando-
