1928 3051
1479 203 1552 256 193

209 327 288 355 tur.
355 318 478 357 Locis
518 319 719 370 sylvarum
757 332 1018 368 acerosarum
1057 320 1233 361 humidis
1267 321 1418 375 ubique
1446 321 1547 362 fere.

206 391 464 443 Septembri,
499 393 686 432 Octobri.
712 412 715 413 ⁷

310 465 398 503 552.
442 467 489 503 A.
527 468 588 506 M.
631 468 821 518 pilosa.

206 540 340 578 Totus
370 540 555 592 fungillus
585 542 786 579 interdum
816 552 1000 580 tomento
1029 542 1203 594 quodam
1221 557 1416 596 perquam
1440 548 1548 583 tenui

206 615 487 652 cine1·asce11te
535 615 696 664 (Forsan
745 616 1051 668 heterogeneo)
1103 617 1321 656 obductus.
1399 619 1544 665 Picens,

205 687 320 739 cujus
350 689 522 739 papillae
552 702 676 740 saepe
707 689 918 728 obsoletae
948 700 1065 737 sunt,
1108 691 1207 728 ludit
1243 694 1348 729 inter
1375 692 1548 730 formam

203 760 570 812 hemisphaericam
600 772 641 798 et
665 764 1007 814 campanulatam:
1039 764 1117 802 hac
1136 765 1322 812 indutus,
1356 766 1414 803 M.
1432 766 1547 816 galo-

203 833 301 885 podi
341 834 505 872 dilutius
544 835 749 873 coloratae
784 835 891 874 haud
928 837 1153 875 absimilem
1189 851 1281 876 sese
1318 850 1543 878 monstrat:

203 908 277 947 sed
307 921 454 946 succus
496 919 731 947 constanter
765 923 876 947 mere
905 923 1058 962 aqueus
1087 921 1164 951 est.
1221 914 1368 963 Sparsa
1397 917 1547 951 crescit

203 981 306 1020 haec
343 985 505 1033 species
544 984 647 1021 locis
684 982 889 1021 umbrosis
925 984 1186 1023 humentibus
1214 988 1319 1023 inter
1347 985 1441 1024 folia
1469 1001 1547 1039 pu-

203 1056 305 1094 trida
335 1067 415 1094 etc.
447 1059 621 1107 passim,
659 1070 746 1094 non
773 1056 1020 1109 infrequens.
1075 1059 1283 1096 Autumno
1313 1059 1465 1098 medio.

306 1130 396 1169 553.
443 1131 493 1168 A.
533 1132 595 1169 M.
639 1131 888 1182 flavipes.

202 1204 335 1257 Stipes
371 1205 456 1244 basi
489 1208 686 1244 intensius
724 1205 867 1244 flavus.
938 1191 1091 1243 Pileus*
1105 1206 1325 1258 aequaliter
1353 1218 1394 1246 et
1422 1221 1545 1260 saepe

201 1280 428 1318 luculenter
464 1279 660 1331 plicatus:
711 1279 869 1317 statur-ci
906 1293 1034 1332 porro
1065 1290 1106 1318 et
1133 1282 1312 1318 siccitate
1339 1281 1545 1333 discrepat

198 1353 250 1393 ab
288 1357 553 1406 insequente,
592 1368 614 1392 a
652 1355 729 1406 quei
767 1364 901 1392 tamen
945 1368 1041 1392 num
1082 1358 1222 1407 specie
1270 1355 1544 1409 sejungenda?

198 1430 262 1466 vix
299 1427 595 1467 affirmarimus.
671 1429 832 1468 Crescit
866 1431 907 1467 in
943 1429 1062 1481 sylvis
1110 1429 1314 1469 umbrosis
1360 1434 1542 1470 acetosis

201 1502 438 1553 (Mokolzer
473 1503 632 1546 Haide,·
682 1503 780 1541 Secr
815 1502 1119 1554 Lchmgrubfflt)
1164 1504 1262 1543 hinc
1298 1504 1418 1551 inde,
1467 1504 1542 1544 sed

199 1590 341 1628 parum
371 1577 578 1629 frequens.
637 1566 893 1628 Septembri,
931 1577 1121 1617 Octobri.

304 1651 392 1702 554.
435 1652 487 1690 A.
526 1652 588 1690 M.
630 1655 989 1704 epipterygia.

565 1740 606 1772 α,
635 1724 816 1777 plumbeo
835 1747 850 1753 -
868 1726 1000 1763 caesia

562 1799 609 1849 β,
631 1797 799 1855 fluvida

563 1887 604 1925 γ,
633 1873 924 1927 glaucoplzylla

197 1948 327 1986 Totus
364 1947 509 2000 fungus
551 1949 667 1986 coelo
707 1949 844 2000 pluvio
887 1947 1091 1994 lubricus,
1141 1948 1215 1985 sed
1253 1949 1372 1999 stipes
1409 1957 1538 1996 tenax,

196 2022 435 2074 glutinosus.
495 2023 597 2060 Pilei
625 2033 783 2068 vertex,
822 2032 948 2073 prout
983 2022 1154 2068 assolet,
1196 2024 1435 2059 saturatiore
1466 2036 1540 2060 co-

196 2096 283 2134 lore
313 2097 550 2144 distinctus,
581 2097 842 2142 fuscescens,
876 2100 1059 2134 cinereus
1089 2106 1169 2133 etc.
1227 2096 1413 2146 Vulgaris
1442 2109 1540 2146 spe·

198 2173 281 2209 cies
310 2174 352 2207 in
382 2172 500 2223 sylvis
528 2174 711 2210 acm-osis
741 2174 999 2222 truncigena:
1022 2183 1124 2208 varr.
1150 2180 1231 2208 tres
1259 2171 1535 2221 promiscuae.

197 2245 422 2284 Autumno.

302 2319 390 2357 555.
438 2319 488 2357 A.
530 2320 591 2357 M.
633 2319 848 2357 lineata.

198 2393 329 2431 Pileus
358 2397 483 2432 variat
510 2393 639 2431 forma
667 2407 776 2431 nunc
806 2392 1104 2444 cau'ipanulata,
1141 2404 1250 2429 nunc
1279 2390 1537 2443 hemisphae-

194 2468 291 2505 rica.
362 2467 493 2519 Stipes
534 2467 618 2505 basi
665 2466 892 2504 tomentulo
933 2469 1053 2504 niveo
1095 2465 1326 2511 obductus,
1377 2477 1536 2503 sursum

193 2542 302 2594 pileo
333 2542 626 2581 subconcolor.
692 2541 798 2579 Hab.
830 2541 1006 2579 solitaria
1034 2542 1292 2592 gregariaque
1321 2541 1360 2575 in
1390 2541 1537 2590 grami-

195 2619 309 2655 nosis
337 2619 486 2668 apricis
515 2626 556 2654 et
579 2615 780 2654 umbrosis
803 2615 926 2665 (Seer
946 2612 1250 2665 Lclnngruhen;
1279 2611 1535 2663 Ahendweg)

195 2690 443 2743 infrequens.
498 2691 710 2729 Aestivalis
740 2701 782 2730 ct
809 2690 1061 2728 autumnalis.

1465 2778 1479 2785 ‚a

1435 2791 1483 2816 21)
