1928 3051
414 147 465 186 62

417 264 928 317 cinereo—pulverulento.
992 264 1214 302 Altitudiue
1251 264 1500 303 latitudinem
1538 277 1751 318 aequante,

415 340 540 378 lIneae
569 342 686 376 unius
716 339 814 376 fere.
873 337 1078 383 Clausum,
1108 341 1215 377 intus
1241 339 1356 388 nigro
1375 359 1390 366 —
1408 338 1594 378 farctum.
1651 341 1753 391 Spe-

415 417 560 452 cimina
589 416 795 450 immatura
825 410 948 449 fuisse
977 411 1188 458 videntur,
1228 415 1270 449 in
1304 415 1424 451 ramis
1453 417 1646 453 emortuis
1678 414 1753 452 Po-

414 487 496 538 puli
527 488 670 537 nigrae
700 485 862 523 italicae
889 485 1190 538 (Monpluisir)
1219 499 1382 538 sparsa5
1414 489 1510 526 item
1539 488 1684 539 Aprili.

751 655 1416 688 REPIPHYLLA.

881 762 920 810 a)
974 760 1281 816 RIajora.

524 870 609 908 ¹72·
654 858 711 896 X.
753 856 1044 896 salicinum.

779 946 819 976 α,
851 930 1138 968 tuberculosum

778 1003 823 1053 β,
855 1003 1108 1042 umbonatum

414 1074 644 1132 Specimina
683 1088 724 1116 et
757 1093 834 1118 nos
863 1083 1014 1130 passim
1044 1082 1268 1119 invenimus
1297 1079 1476 1118 umbone
1505 1083 1628 1118 unico
1659 1093 1755 1119 cen·

413 1154 500 1192 traJi
537 1152 748 1192 latiusculo
784 1166 907 1204 supra
942 1153 1158 1205 applanato
1205 1157 1424 1201 instructa,
1470 1154 1544 1192 sed
1588 1154 1754 1206 reliquis

412 1227 519 1265 haud
546 1230 599 1264 ita
626 1227 755 1265 multo
784 1230 962 1275 minora,
1002 1241 1050 1266 ac
1078 1231 1139 1265 vix
1166 1231 1245 1266 nisi
1272 1242 1350 1279 pro
1378 1231 1569 1266 varietate
1598 1227 1754 1266 haben-

412 1301 485 1340 da:
526 1315 576 1340 an
613 1304 734 1354 igitur
761 1301 903 1340 eadem
932 1316 1023 1340 cum
1056 1302 1367 1339 Ριενςοοηιάηἰς.9
1422 1303 1646 1355 Utriusque
1669 1316 1750 1341 var.

412 1376 594 1427 exempla
631 1376 763 1426 3—4
798 1380 840 1414 in
875 1390 957 1415 uno
986 1376 1217 1428 eodemque
1246 1376 1342 1414 folio
1371 1376 1480 1413 haud
1507 1390 1600 1414 raro
1630 1376 1752 1416 nobis

410 1453 507 1489 visa.
566 1451 727 1489 Crescit
754 1450 858 1489 haec
887 1454 1049 1502 species
1086 1451 1182 1489 loco
1220 1464 1296 1489 suo
1324 1449 1541 1502 frequens,
1587 1465 1664 1502 per
1693 1461 1754 1489 to-

413 1534 497 1562 tum
525 1523 609 1562 fere
636 1538 810 1563 annum:
859 1525 933 1564 sed
969 1529 1194 1577 vigentem,
1246 1539 1322 1576 per
1358 1528 1479 1564 rimas
1502 1527 1684 1564 scorticis
1713 1528 1755 1563 in

413 1608 528 1638 scuta
555 1599 782 1651 irregularIa
810 1603 921 1650 rupti
950 1603 1124 1650 copiose
1152 1598 1396 1645 fumantem,
1437 1601 1599 1639 nonniSi
1628 1598 1755 1638 semel

413 1672 782 1726 deprehendimus,
813 1674 926 1711 Maio
957 1673 1111 1724 pluvio.

521 1746 608 1798 173.
654 1749 710 1785 X.
751 1746 1138 1786 Andromedae.

414 1821 676 1859 Primordiale
706 1822 880 1860 maculas
911 1824 1017 1860 sistit
1045 1835 1066 1859 e
1094 1821 1218 1859 rubro
1257 1832 1631 1874 purpurascentes:
1663 1824 1753 1874 qui-

414 1895 489 1933 bus
525 1908 695 1945 prorsus
732 1896 882 1934 similes
919 1899 961 1932 in
1001 1896 1181 1934 l'accinii
1219 1897 1310 1932 vitis
1349 1895 1491 1933 idaeae
1529 1907 1570 1935 et
1605 1894 1755 1934 Arhuti

413 1984 513 2006 uvae
563 1971 643 2006 ursi
689 1969 794 2008 foliis
838 1968 1152 2023 perfrequenter
1202 1973 1492 2021 provenientes
1537 1970 1755 2022 Fungorum

412 2043 583 2082 forsitan
620 2043 798 2082 affinium
838 2054 933 2082 sunt
971 2044 1224 2083 incunabula.
1281 2044 1467 2082 Maeuiae
1495 2047 1594 2083 istae
1625 2054 1756 2082 aetate

412 2118 700 2170 progrediente
729 2118 1011 2158 fuseescentes
1041 2119 1240 2170 simulque
1269 2119 1471 2170 paullatim
1495 2132 1755 2157 crassescen-

413 2202 474 2230 tes
504 2192 742 2230 nucleoffsuo
772 2191 1018 2240 farciuntur,
1051 2196 1119 2245 qui
1146 2193 1255 2230 haud
1282 2196 1336 2230 ita
1363 2193 1490 2230 multo
1518 2202 1638 2244 post,
1669 2205 1756 2231 cor-

414 2270 493 2305 tice
520 2266 598 2320 jam
627 2266 823 2305 atrefacto
852 2281 928 2319 per
947 2270 1067 2306 rimas
1086 2268 1288 2306 anomalas
1317 2267 1493 2319 undique
1516 2266 1752 2312 dissiliente,

413 2341 745 2379 semidenudatus
782 2344 912 2379 visum
952 2341 1074 2380 subit.
1151 2342 1249 2394 Ejus
1287 2352 1455 2381 stratum
1490 2337 1657 2397 inferius
1685 2339 1755 2377 fir-

410 2429 521 2453 mum
549 2429 765 2455 carnosum
795 2415 1034 2454 candidum:
1075 2417 1274 2468 superius,
1312 2418 1579 2455 sementivum
1607 2413 1756 2465 procul

413 2488 561 2536 dubio,
604 2493 766 2528 cinereo
783 2513 802 2519 -
819 2489 1074 2542 fuliginosum
1111 2489 1309 2528 viscidum
1349 2489 1501 2527 lentum
1529 2491 1571 2525 in
1597 2487 1664 2526 fila
1693 2498 1753 2526 te-

412 2565 525 2609 nuia,
568 2563 691 2615 fungo
733 2567 989 2602 transversim
1023 2571 1148 2614 rupto
1179 2563 1396 2615 frustisque
1425 2566 1510 2601 eius
1540 2565 1750 2614 separatis,

412 2635 571 2687 glutinis.
619 2638 666 2674 ad
714 2641 841 2676 instar
878 2647 1132 2689 protractum
1175 2638 1358 2676 vidimus.
1440 2637 1578 2676 Massa
1620 2646 1754 2675 tamen
