1928 3051
257 255 340 308 169.
384 256 439 294 H.
479 254 911 294 arundinaceum.

149 330 257 368 Huic
285 330 545 383 perichecium
573 329 740 367 dubium
769 342 884 376 esse,
919 343 1006 368 non
1031 343 1279 382 possumus,
1312 332 1408 382 quin
1437 330 1487 369 cl.

151 405 366 442 Per-soonio
405 407 683 444 assentiamur.
755 403 996 442 Immersum
1025 414 1088 442 est
1114 405 1179 443 vel
1207 404 1492 456 subprominu-

148 478 253 518 lum:
294 488 436 517 centro
464 481 691 530 nigricans,
728 481 905 529 margine
934 478 1171 518 fuscescens
1199 479 1264 517 vel
1291 481 1332 516 in
1360 478 1490 516 ferru-

148 556 310 604 g’meum
346 552 608 604 subvergens.
671 552 719 589 In
750 551 1046 602 Phragmitidis
1076 553 1217 592 culinis
1246 553 1367 592 arIdis
1395 565 1491 605 pas-

149 630 239 665 sim.
297 628 493 665 Perenne.

254 713 357 740 ons.
414 701 531 737 Duae
560 709 781 750 supersunt
809 702 996 751 species,
1039 714 1140 752 quae
1180 714 1310 739 novae
1348 701 1490 739 viden—

149 785 235 820 tur,
268 787 367 825 quas
395 786 493 811 vero
521 773 706 810 nonduin
735 775 831 812 satis
860 774 1086 825 exploratas
1115 777 1156 810 in
1183 777 1384 813 civitatem
1405 776 1494 813 hac-

149 857 266 886 tenus
294 860 380 885 non
407 847 656 886 admisimus.
725 848 810 886 Has
839 862 886 885 ex
915 861 991 893 eo,
1035 848 1146 898 quod
1176 851 1217 885 in
1244 849 1494 900 praefamine

148 925 433 973 exposuimus,
479 923 666 960 instituto
703 921 754 959 ad
782 924 943 973 generis
973 921 1126 959 calcem
1155 921 1359 973 subjectas
1389 922 1493 961 ulte-

146 999 244 1034 riori
272 996 602 1048 mycophiloruin
633 996 809 1048 indagini
840 996 1145 1034 commendatas
1175 996 1359 1034 velimus.

251 1085 287 1109 a.
341 1071 391 1108 H.
430 1069 573 1107 viride.
639 1071 694 1108 H.
737 1070 888 1107 nudum
930 1071 1040 1120 (non
1081 1072 1328 1121 erumpens)
1370 1073 1492 1109 semi-

147 1148 383 1183 immersum
421 1158 607 1196 sparsum
645 1144 869 1196 oblongum
904 1144 1235 1191 subflexuosum,
1279 1154 1391 1183 extus
1429 1148 1493 1182 ni—

147 1232 284 1271 grum,
342 1221 450 1257 intus
506 1218 645 1268 (labiis
702 1218 1030 1269 dehiscentibus)
1080 1219 1221 1257 viride.
1306 1220 1491 1266 Parvum,

148 1293 294 1332 lineam
327 1307 342 1332 1
375 1293 559 1345 longum,
594 1295 656 1331 vix
684 1292 933 1331 semilineam
961 1293 1098 1331 latum.
1155 1293 1203 1329 In
1230 1293 1339 1345 ligno
1370 1296 1494 1332 semi-

148 1371 259 1419 putri
297 1368 507 1422 quercino,
556 1376 601 1404 ut
648 1367 859 1405 videbatur
900 1365 1349 1420 (IVIayblumenbusch).
1417 1368 1494 1405 Ex-

149 1452 273 1480 eunte
301 1443 465 1480 Martio.

253 1516 295 1554 b.
328 1516 379 1553 H.
408 1515 619 1568 petiolare.
678 1516 732 1554 H.
764 1515 1106 1566 simplicissimum
1146 1518 1380 1553 immersum
1411 1515 1493 1554 elli-

149 1592 305 1642 pticum
343 1590 510 1628 sordide
554 1592 725 1641 nigrum.
811 1589 945 1627 Simile
985 1590 1036 1626 H.
1078 1589 1373 1636 arundinaceo,
1420 1590 1494 1628 sed

148 1667 342 1702 mixturae
381 1663 520 1703 fuscae
559 1664 622 1702 vel
660 1663 912 1715 ferrugineae
949 1677 1122 1714 prorsus
1153 1677 1320 1715 expers,
1362 1667 1494 1701 omni-

151 1752 230 1791 que
258 1739 510 1790 perithecio,
550 1748 594 1775 ut
636 1737 815 1784 videtur,
859 1737 1111 1776 destitutum.
1168 1740 1326 1776 Forsan
1354 1737 1417 1776 vel
1444 1737 1496 1775 ad.

152 1811 424 1866 Stilbosporas
452 1812 665 1865 aliquando
697 1811 969 1863 ablegabitur‚
1004 1812 1066 1850 vel
1095 1826 1143 1850 ex
1173 1813 1254 1850 tota
1283 1811 1496 1864 fungorum

152 1888 281 1927 classe
318 1887 503 1926 exulabit.
581 1887 629 1924 In
665 1887 830 1937 petIOIis
868 1889 1085 1939 nervisque
1124 1886 1316 1924 foliorum
1353 1886 1495 1923 Aceris

153 1962 468 2014 Pseudoplatani
497 1964 780 2012 somiputrium
810 1960 1065 2012 dejectorum
1095 1960 1322 2010 (Dloholzer
1346 1959 1494 2010 Haide)

151 2051 234 2076 non
263 2036 512 2089 infrequens.
570 2035 723 2087 Aprili,
760 2036 888 2074 Maio.

500 2220 539 2265 4.
624 2216 665 2252 x
720 2215 757 2252 Y
812 2216 845 2251 L
901 2215 938 2253 o
994 2215 1041 2252 M
1095 2213 1145 2252 A.

630 2301 1024 2351 A.EP1XYLA.

258 2421 362 2447 ons.
420 2410 581 2446 Novam
621 2421 720 2445 ecce
749 2407 1042 2445 introducimus
1071 2406 1279 2452 familiam,
1326 2419 1488 2458 praece-

153 2483 263 2523 denti
299 2486 437 2534 generi
483 2486 740 2534 contiguam,
792 2485 949 2534 iterque
987 2495 1039 2520 eo
1078 2481 1335 2533 pandentem.
1410 2482 1494 2517 Situ

152 2557 342 2596 videlicet
370 2558 528 2610 epixylo
571 2571 663 2596 cuin
693 2557 893 2609 Hysccriis
933 2559 1146 2595 convenit:
1195 2566 1235 2594 at
1263 2555 1494 2594 charactere

152 2633 270 2686 longe
315 2635 506 2685 potiore,
567 2632 618 2670 ad
666 2630 1023 2670 Frilctiiicatione111
1069 2640 1308 2684 spectante,
1361 2642 1494 2682 eoque
