1928 3051
1422 215 1497 254 263

147 337 244 376 nulli
282 337 488 376 multoties
526 338 701 374 tenuiter
751 335 867 374 incisi
917 334 1168 387 (fimbriati).
1246 336 1365 376 Color
1405 349 1497 376 sor-

148 411 243 450 dide
288 411 476 463 pallidus.
550 410 793 462 Infrequens
837 409 959 448 nobis
1003 408 1173 462 fungus:
1221 415 1410 450 inventus
1447 411 1498 450 ad

148 495 314 524 truncos
342 494 525 524 vetustos
555 497 776 524 muscosos
796 486 1002 539 quer-cinos
1020 484 1187 537 hyeme,
1217 499 1313 524 vere
1334 483 1497 536 (Daubs

149 559 417 612 Holzplatz),
464 569 506 599 et
555 559 606 598 ad
652 572 789 599 ramos
834 569 1021 598 mortuos
1070 559 1252 614 coryleos
1311 560 1496 611 (Horke)

148 643 316 674 aestate.

252 722 344 760 777.
393 711 433 747 S.
473 707 821 747 fimbriatum.

148 781 379 821 Subiculum
419 793 628 830 tenerum,
677 793 824 821 tenue:
875 782 1058 822 ffinbriae
1106 783 1497 835 mcv-ginis‹albidae

146 857 208 896 vel
238 856 423 908 pallidae.
481 858 668 894 Laciniae
697 859 741 893 in
769 856 944 894 dentium
961 860 1079 908 apice
1101 858 1342 910 plerumque
1367 858 1494 905 albae,

148 930 419 971 subnitentes.
478 932 647 982 Species
678 932 929 976 excentrica,
972 931 1094 970 nobis
1121 931 1229 970 haud
1256 931 1360 970 adeo
1392 943 1494 979 rara,

148 1008 327 1044 cortices
356 1004 546 1057 putridos
576 1003 770 1043 obtectos
794 1003 1019 1043 suffocatos
1040 1003 1235 1043 abietinos
1254 1016 1498 1058 praeoptare

147 1080 320 1125 videtur.
389 1080 514 1117 Locis
557 1078 650 1117 udis
687 1078 890 1118 umbrosis
941 1079 1180 1130 (Molzolzer
1218 1079 1352 1118 Haide
1401 1081 1496 1118 hinc

147 1154 282 1205 inde).
338 1153 403 1191 Ab
431 1153 562 1204 Aprili
590 1155 632 1190 in
660 1153 940 1192 Novembrem
970 1168 1114 1207 usquc.

252 1228 345 1280 778.
391 1229 433 1266 S.
473 1227 776 1280 digitatum.

151 1301 274 1341 Color
309 1302 359 1339 ab
398 1304 514 1340 initio
548 1305 672 1354 inque
710 1312 816 1341 statu
858 1306 1016 1341 recenti
1061 1303 1280 1350 candidus,
1334 1303 1496 1341 demum

150 1376 379 1428 pallescens
418 1386 487 1414 aut
525 1377 729 1414 interdum
767 1377 1069 1417 subvirescens.
1132 1378 1283 1415 Dentes
1311 1380 1352 1416 in
1380 1377 1499 1417 fasci·-

149 1451 266 1490 culos
295 1451 537 1503 plerumque
567 1452 750 1499 collecti,
781 1455 933 1504 passim
964 1453 1085 1491 veluti
1112 1452 1262 1491 detriti.
1319 1452 1386 1490 Ad
1406 1466 1500 1491 cor-

149 1529 251 1564 tices
299 1523 493 1564 betulinos
538 1536 578 1564 et
621 1526 807 1564 salicinos
844 1527 908 1576 (v.
950 1541 987 1565 c.
1030 1524 1248 1570 Dube1·a11‚·
1291 1526 1500 1564 Moholzer

150 1599 305 1643 Haicle5
346 1597 672 1655 Rengersdmf),
714 1601 786 1639 sed
823 1615 966 1652 parum
1005 1601 1212 1653 frequens.
1270 1600 1496 1646 Autumno,

148 1688 258 1713 vere.

245 1762 345 1801 ⁷779.
393 1749 434 1786 S.
477 1748 854 1800 spathulatum.

148 1823 186 1861 A
214 1833 412 1876 sequente
453 1823 574 1863 distat
610 1822 755 1862 subulis
789 1825 881 1876 plus
920 1826 1102 1863 minusve
1132 1824 1371 1875 spathulatis
1401 1824 1498 1864 sub-

149 1901 316 1950 integris
355 1899 442 1948 (vix
470 1912 518 1937 ac
546 1911 638 1937 raro
676 1901 842 1950 incisis)
884 1899 1109 1938 minoribus
1151 1899 1405 1938 tenuioribus
1434 1912 1499 1937 ar—

150 1976 254 2012 ctius
295 1975 518 2025 congestis.
588 1974 738 2012 Incolit
776 1975 882 2027 ligna
920 1977 1161 2026 praesertim
1192 1972 1365 2024 abiegna
1395 1974 1498 2013 locis

149 2047 240 2087 udis
273 2047 433 2100 dejecta
470 2051 751 2099 putrescentia
789 2047 1059 2098 (Polshruclz,
1100 2048 1310 2086 Mohulzer
1341 2048 1499 2101 HaIde)

149 2125 316 2174 passim.
374 2124 485 2160 Vere
503 2152 512 2169 ,
543 2133 719 2169 aestate,
749 2133 960 2162 autumno.

254 2197 345 2248 780.
391 2198 432 2235 S.
472 2197 747 2249 obliquum
790 2196 1003 2236 Schracl.

151 2270 216 2310 Cf.
249 2270 420 2309 Solu-acl.
455 2271 582 2323 spicil.
605 2267 709 2327 flor.
739 2286 868 2323 germ.
908 2284 999 2323 pag.
1037 2284 1123 2322 179.
1195 2270 1374 2308 Demum
1410 2269 1498 2322 pal-

151 2345 279 2384 lescit.
317 2345 468 2382 Dentes
496 2345 732 2397 majusculi,
765 2345 978 2384 bilineares
1002 2355 1043 2383 et
1065 2344 1199 2396 paullo
1219 2344 1341 2392 ultra,
1372 2357 1498 2396 saepe

151 2420 267 2458 valde
296 2420 471 2472 obliqui,
504 2422 760 2470 compressi,
793 2419 991 2467 conferti,
1031 2422 1147 2471 apice
1180 2421 1354 2457 truncati
1381 2421 1498 2457 incisi

150 2508 199 2533 ac
226 2495 318 2547 plus
346 2497 477 2533 minus
505 2495 650 2533 villosi.
710 2494 865 2545 Margo
895 2497 1046 2546 passim
1082 2493 1316 2545 byssaceus.
1372 2495 1497 2545 Ligna

150 2570 293 2608 incolit
321 2579 506 2608 emortua
534 2569 772 2608 subcariosa
799 2571 929 2615 varia,
975 2561 1095 2620 pinea
1132 2578 1235 2605 etc.:
1276 2567 1348 2605 sed
1377 2580 1499 2618 prae-

150 2653 256 2682 amat
282 2646 324 2682 in
352 2647 470 2683 terris
498 2646 652 2683 nostris
682 2646 861 2683 cortices
887 2657 1091 2682 ramorum
1121 2640 1286 2680 Betulae
1314 2642 1500 2695 dejecto-

151 2731 239 2756 rum
257 2748 266 2766 ,
299 2732 403 2772 quos
431 2718 625 2772 frequens
652 2720 808 2771 passim
837 2728 1039 2771 occupat,
1075 2716 1421 2770 longitudinaliter
1447 2715 1499 2755 acl
