1928 3051
1514 196 1579 236 [δι

344 315 433 366 458.
476 317 527 355 Α.
567 316 615 355 C.
656 328 865 354 crocea.

241 389 371 428 Color
399 390 561 428 dilutior
588 389 884 442 profundiorve
913 403 990 442 per
1016 392 1146 428 vat-los
1175 389 1348 441 gradus,
1385 388 1459 429 sed
1487 388 1583 427 lutei

239 467 446 502 mixturam
479 474 715 503 constanter
743 478 921 504 servans.
980 464 1214 516 Pervulgata
1253 475 1316 503 est
1353 467 1514 516 species
1544 466 1584 501 in

241 538 362 591 sylvis
401 540 653 578 sicciusculis
691 542 889 586 acerosis,
937 541 1177 591 praesertim
1221 541 1378 590 pineis3
1421 538 1495 578 sed
1523 541 1585 575 vix

238 613 331 651 alibi
359 613 469 665 apud
497 627 574 652 nos
605 613 736 651 obvia.
796 614 873 651 Per
904 622 1033 651 totum
1061 623 1311 651 autumnum.

343 688 433 738 459.
475 688 523 724 A.
562 687 612 725 C.
652 690 1029 726 cinnamomea.

241 760 425 812 Cognata
464 763 604 812 utique
650 761 933 799 antecedenti:
982 761 1125 798 colore
1168 764 1408 812 praesertim
1446 771 1584 800 exacte

239 836 520 873 cinnamomeo
562 834 730 873 distans.
799 834 930 872 Pileus
968 837 1074 872 enim
1111 837 1152 871 in
1188 836 1358 887 utraque
1387 849 1481 873 mox
1507 838 1583 873 mi-

237 917 334 946 nute
364 908 668 959 squamulosus,
710 921 805 946 mox
841 922 934 946 cum
973 912 1108 946 nitore
1145 913 1304 947 sericeo
1341 909 1490 948 laevis:
1530 912 1584 949 ita

237 995 316 1020 nec
343 992 437 1020 nota
465 996 487 1019 a
514 982 759 1021 lamellarum
796 985 1019 1021 annexione
1057 982 1268 1035 Formaque
1306 983 1491 1022 desumta
1520 998 1584 1023 sa-

237 1059 288 1095 tis
327 1066 516 1096 constans
557 1057 743 1096 dicenda.
809 1059 1002 1096 Nascitur
1037 1057 1141 1096 locis
1181 1071 1272 1095 cum
1306 1058 1582 1109 praecedente

236 1130 404 1178 iisdem,
454 1134 586 1170 minus
624 1131 788 1184 quidem
824 1130 1017 1184 frequens
1057 1132 1144 1180 ills,
1185 1135 1419 1184 neutiquam
1449 1143 1582 1173 tamen

236 1218 338 1243 rara.
397 1207 512 1257 Sept.
546 1207 642 1244 Oct.

342 1279 434 1329 460.
480 1280 530 1319 A.
572 1281 620 1319 C.
661 1289 925 1319 castanea.

603 1369 644 1401 α,
680 1355 876 1392 terrestris

237 1426 387 1466 Differt
414 1442 437 1467 a
464 1439 661 1481 sequente
698 1429 807 1468 affini
848 1429 990 1468 colore
1026 1429 1123 1482 pilei
1163 1432 1415 1469 exactissime
1449 1442 1582 1471 casta-

236 1515 340 1550 neo,
371 1502 552 1542 umbone
579 1504 660 1542 lato
690 1504 804 1543 valde
836 1503 1012 1551 obtuso,
1043 1504 1209 1543 lamellis
1233 1505 1455 1544 rotundato
1473 1529 1492 1535 -
1509 1506 1583 1545 ad-

233 1581 388 1624 nexis„
434 1581 572 1630 stipite
617 1579 805 1616 breviore
855 1579 1004 1627 (rarius
1050 1579 1234 1616 anomale
1288 1579 1580 1632 subelongato)

237 1655 438 1690 crassiore
476 1651 677 1700 firmiore,
719 1662 807 1690 toto
835 1652 1229 1692 albido-Hbrilloso.
1298 1654 1403 1693 Hab.
1435 1658 1476 1692 in
1505 1656 1582 1708 syl-

234 1728 400 1774 vaticis‚
431 1730 671 1778 praesertim
701 1727 913 1774 abietinis‚
945 1730 1108 1779 passim.
1165 1730 1279 1780 Sept.
1314 1729 1411 1768 Oct.

338 1800 429 1851 461.
476 1802 527 1839 A.
570 1802 618 1839 C.
662 1802 963 1854 decipiens.

233 1875 510 1928 Poly-morpha
539 1879 705 1928 species·
732 1886 773 1915 et
803 1890 919 1929 vaga,
962 1877 1058 1929 pilei
1098 1877 1431 1930 (nonnumquam
1458 1877 1581 1917 infra-

234 1951 315 2001 cti)
350 1949 502 1997 forma,
553 1954 703 2003 stipitis
740 1952 994 2004 longitudine
1032 1961 1074 1989 et
1107 1955 1290 1991 crassitie
1330 1962 1411 1991 etc.
1449 1954 1582 1991 multi-

232 2024 356 2062 mode
385 2024 551 2064 ludens:
589 2029 696 2065 notis
733 2036 868 2064 tamen
903 2026 1030 2064 modo
1061 2030 1306 2066 enumeratis
1336 2027 1385 2065 ab
1413 2038 1579 2067 antece-

234 2099 383 2146 dente,
426 2102 545 2137 sicuti
573 2101 730 2138 laevitie
760 2104 944 2152 inprimis
975 2102 1211 2153 cortinaque
1242 2101 1428 2140 obsoleta
1457 2116 1480 2139 a
1502 2102 1580 2139 Le·

232 2175 344 2223 pioni
374 2170 585 2230 fletipede
624 2175 922 2226 distinguenda.
998 2175 1174 2213 Abunde
1211 2179 1402 2227 provenit
1428 2177 1579 2228 insyl-

235 2250 373 2286 vaticis
403 2248 554 2300 ubique
583 2248 682 2287 fere.
742 2250 818 2287 Per
848 2259 979 2286 totum
1011 2259 1262 2288 autumnum.

337 2322 430 2372 462.
476 2322 527 2360 A.
573 2322 619 2360 C.
662 2325 982 2361 armeniaca.

234 2396 357 2434 Color
395 2399 520 2434 totius
557 2395 668 2448 Fungi
705 2397 849 2434 laetior
887 2400 1108 2448 opaciorve
1141 2411 1219 2449 pro
1251 2401 1449 2450 temporis
1480 2401 1579 2438 sicci

232 2471 295 2509 vel
324 2471 504 2517 humidi,
534 2471 618 2509 loci
647 2473 774 2522 aprici
804 2471 863 2508 vel
895 2472 1078 2510 umbrosi
1106 2475 1288 2520 ratione;
1327 2473 1368 2509 id
1399 2472 1510 2525 quod
1538 2478 1580 2510 in

232 2544 415 2597 plurimis
445 2544 709 2597 Agaricorum
749 2545 969 2597 speciebus
1007 2546 1178 2584 obtinet.
1233 2547 1416 2585 Solitaria
1444 2550 1578 2586 nasci-

233 2630 297 2657 tur
334 2619 437 2658 haec
474 2622 515 2656 in
555 2620 674 2672 sylvis
713 2622 856 2666 variis,
902 2625 1084 2659 acerosis
1120 2634 1248 2674 aeque
1276 2635 1323 2661 ac
1352 2621 1575 2667 frondosis,

232 2695 328 2732 hinc
354 2695 463 2733 illinc
490 2694 599 2732 haud
628 2693 880 2747 infrequens.
939 2697 1053 2748 Sept.
1087 2698 1183 2736 Oct.
