<?xml version="1.0" encoding="UTF-8"?>
<!DOCTYPE html PUBLIC "-//W3C//DTD XHTML 1.0 Transitional//EN"
    "http://www.w3.org/TR/xhtml1/DTD/xhtml1-transitional.dtd">
<html xmlns="http://www.w3.org/1999/xhtml" xml:lang="en" lang="en">
 <head>
  <title>
</title>
<meta http-equiv="Content-Type" content="text/html;charset=utf-8" />
  <meta name='ocr-system' content='tesseract 3.04.00' />
  <meta name='ocr-capabilities' content='ocr_page ocr_carea ocr_par ocr_line ocrx_word'/>
</head>
<body>
  <div class='ocr_page' id='page_1' title='image "./conspectusfungor00albe_0073.png"; bbox 0 0 1928 3051; ppageno 0'>
   <div class='ocr_carea' id='block_1_1' title="bbox 1363 191 1452 237">
    <p class='ocr_par' dir='ltr' id='par_1_1' title="bbox 1363 191 1452 237">
     <span class='ocr_line' id='line_1_1' title="bbox 1363 191 1452 237; baseline 0 -12"><span class='ocrx_word' id='word_1_1' title='bbox 1363 222 1371 225; x_wconf 65' lang='grc'>,</span> <span class='ocrx_word' id='word_1_2' title='bbox 1404 191 1452 237; x_wconf 57' lang='lat'>1²41</span> 
     </span>
    </p>
   </div>
   <div class='ocr_carea' id='block_1_2' title="bbox 31 301 1458 2735">
    <p class='ocr_par' dir='ltr' id='par_1_2' title="bbox 31 301 1458 2735">
     <span class='ocr_line' id='line_1_2' title="bbox 106 301 1456 355; baseline -0.001 -12"><span class='ocrx_word' id='word_1_3' title='bbox 106 302 256 343; x_wconf 65' lang='lat' dir='ltr'>,Forma</span> <span class='ocrx_word' id='word_1_4' title='bbox 283 301 414 340; x_wconf 77' lang='lat' dir='ltr'>ostioli</span> <span class='ocrx_word' id='word_1_5' title='bbox 441 304 587 355; x_wconf 85' lang='lat' dir='ltr'>insigni</span> <span class='ocrx_word' id='word_1_6' title='bbox 614 301 791 340; x_wconf 66' lang='lat' dir='ltr'>rotunda</span> <span class='ocrx_word' id='word_1_7' title='bbox 819 301 1018 354; x_wconf 86' lang='lat' dir='ltr'>depresso</span> <span class='ocrx_word' id='word_1_8' title='bbox 1035 325 1054 332; x_wconf 96' lang='lat'><em>-</em></span> <span class='ocrx_word' id='word_1_9' title='bbox 1072 303 1253 343; x_wconf 63' lang='lat' dir='ltr'>concava</span> <span class='ocrx_word' id='word_1_10' title='bbox 1278 303 1332 342; x_wconf 92' lang='lat' dir='ltr'>ob</span> <span class='ocrx_word' id='word_1_11' title='bbox 1350 318 1456 342; x_wconf 85' lang='lat' dir='ltr'>mar-</span> 
     </span>
     <span class='ocr_line' id='line_1_3' title="bbox 110 371 1456 431; baseline 0.004 -18"><span class='ocrx_word' id='word_1_12' title='bbox 110 379 249 429; x_wconf 82' lang='lat' dir='ltr'>ginem</span> <span class='ocrx_word' id='word_1_13' title='bbox 289 378 568 428; x_wconf 84' lang='lat' dir='ltr'>prominulum</span> <span class='ocrx_word' id='word_1_14' title='bbox 614 371 847 414; x_wconf 84' lang='lat' dir='ltr'>annularem</span> <span class='ocrx_word' id='word_1_15' title='bbox 894 376 1208 428; x_wconf 65' lang='lat' dir='ltr'>subpezizoidefi</span> <span class='ocrx_word' id='word_1_16' title='bbox 1256 392 1456 431; x_wconf 81' lang='lat' dir='ltr'>congruas</span> 
     </span>
     <span class='ocr_line' id='line_1_4' title="bbox 111 451 1457 505; baseline 0.002 -17"><span class='ocrx_word' id='word_1_17' title='bbox 111 464 256 490; x_wconf 84' lang='lat' dir='ltr'>omnes</span> <span class='ocrx_word' id='word_1_18' title='bbox 286 461 394 498; x_wconf 86' lang='lat' dir='ltr'>tres,</span> <span class='ocrx_word' id='word_1_19' title='bbox 425 465 477 489; x_wconf 88' lang='lat' dir='ltr'>ne</span> <span class='ocrx_word' id='word_1_20' title='bbox 512 454 601 503; x_wconf 85' lang='lat' dir='ltr'>quis</span> <span class='ocrx_word' id='word_1_21' title='bbox 629 454 670 488; x_wconf 88' lang='lat' dir='ltr'>in</span> <span class='ocrx_word' id='word_1_22' title='bbox 700 451 918 502; x_wconf 78' lang='lat' dir='ltr'>speciebus</span> <span class='ocrx_word' id='word_1_23' title='bbox 949 452 1183 503; x_wconf 79' lang='lat' dir='ltr'>separandis</span> <span class='ocrx_word' id='word_1_24' title='bbox 1211 452 1319 505; x_wconf 86' lang='lat' dir='ltr'>justo</span> <span class='ocrx_word' id='word_1_25' title='bbox 1351 454 1457 492; x_wconf 89' lang='lat' dir='ltr'>cele-</span> 
     </span>
     <span class='ocr_line' id='line_1_5' title="bbox 109 525 1455 578; baseline 0.003 -16"><span class='ocrx_word' id='word_1_26' title='bbox 109 527 238 563; x_wconf 76' lang='lat' dir='ltr'>riores</span> <span class='ocrx_word' id='word_1_27' title='bbox 282 539 360 564; x_wconf 84' lang='lat' dir='ltr'>nos</span> <span class='ocrx_word' id='word_1_28' title='bbox 410 525 697 577; x_wconf 71' lang='lat' dir='ltr'><strong>redargueret,</strong></span> <span class='ocrx_word' id='word_1_29' title='bbox 750 528 948 576; x_wconf 76' lang='lat' dir='ltr'>tantisper</span> <span class='ocrx_word' id='word_1_30' title='bbox 993 526 1296 578; x_wconf 67' lang='lat' dir='ltr'>conjunximus:</span> <span class='ocrx_word' id='word_1_31' title='bbox 1346 527 1455 566; x_wconf 84' lang='lat' dir='ltr'>haud</span> 
     </span>
     <span class='ocr_line' id='line_1_6' title="bbox 110 593 1452 651; baseline 0.003 -16"><span class='ocrx_word' id='word_1_32' title='bbox 110 599 279 636; x_wconf 87' lang='lat' dir='ltr'>multum</span> <span class='ocrx_word' id='word_1_33' title='bbox 326 610 460 637; x_wconf 80' lang='lat' dir='ltr'>tamen</span> <span class='ocrx_word' id='word_1_34' title='bbox 508 601 756 645; x_wconf 84' lang='lat' dir='ltr'>recusaturi,</span> <span class='ocrx_word' id='word_1_35' title='bbox 807 602 842 637; x_wconf 88' lang='lat' dir='ltr'>si</span> <span class='ocrx_word' id='word_1_36' title='bbox 879 593 1066 651; x_wconf 80' lang='lat' dir='ltr'>quande,</span> <span class='ocrx_word' id='word_1_37' title='bbox 1117 603 1218 648; x_wconf 87' lang='lat' dir='ltr'>situ,</span> <span class='ocrx_word' id='word_1_38' title='bbox 1269 601 1452 650; x_wconf 70' lang='lat' dir='ltr'>historia,</span> 
     </span>
     <span class='ocr_line' id='line_1_7' title="bbox 110 670 1454 725; baseline 0.004 -17"><span class='ocrx_word' id='word_1_39' title='bbox 110 670 276 724; x_wconf 86' lang='lat' dir='ltr'>aliisque</span> <span class='ocrx_word' id='word_1_40' title='bbox 313 676 422 711; x_wconf 86' lang='lat' dir='ltr'>notis</span> <span class='ocrx_word' id='word_1_41' title='bbox 462 675 558 711; x_wconf 68' lang='lat' dir='ltr'>satis</span> <span class='ocrx_word' id='word_1_42' title='bbox 595 673 801 719; x_wconf 78' lang='lat' dir='ltr'>diversae,</span> <span class='ocrx_word' id='word_1_43' title='bbox 847 687 870 710; x_wconf 85' lang='lat' dir='ltr'>a</span> <span class='ocrx_word' id='word_1_44' title='bbox 908 673 1092 725; x_wconf 83' lang='lat' dir='ltr'>pluribus</span> <span class='ocrx_word' id='word_1_45' title='bbox 1129 675 1368 714; x_wconf 72' lang='lat' dir='ltr'>observatae</span> <span class='ocrx_word' id='word_1_46' title='bbox 1405 690 1454 715; x_wconf 83' lang='lat' dir='ltr'>ac</span> 
     </span>
     <span class='ocr_line' id='line_1_8' title="bbox 110 747 1454 798; baseline 0.005 -16"><span class='ocrx_word' id='word_1_47' title='bbox 110 747 281 798; x_wconf 83' lang='lat' dir='ltr'>amplius</span> <span class='ocrx_word' id='word_1_48' title='bbox 310 747 528 785; x_wconf 79' lang='lat' dir='ltr'>illustratae</span> <span class='ocrx_word' id='word_1_49' title='bbox 567 749 607 784; x_wconf 88' lang='lat' dir='ltr'>in</span> <span class='ocrx_word' id='word_1_50' title='bbox 637 750 799 798; x_wconf 88' lang='lat' dir='ltr'>species</span> <span class='ocrx_word' id='word_1_51' title='bbox 837 750 1024 798; x_wconf 84' lang='lat' dir='ltr'>proprias</span> <span class='ocrx_word' id='word_1_52' title='bbox 1054 750 1327 788; x_wconf 77' lang='lat' dir='ltr'>semovendae</span> <span class='ocrx_word' id='word_1_53' title='bbox 1357 764 1454 789; x_wconf 86' lang='lat' dir='ltr'>cen-</span> 
     </span>
     <span class='ocr_line' id='line_1_9' title="bbox 111 820 1454 872; baseline 0.004 -15"><span class='ocrx_word' id='word_1_54' title='bbox 111 831 289 858; x_wconf 83' lang='lat' dir='ltr'>seantur.</span> <span class='ocrx_word' id='word_1_55' title='bbox 355 822 451 857; x_wconf 86' lang='lat' dir='ltr'>Var.</span> <span class='ocrx_word' id='word_1_56' title='bbox 483 835 523 867; x_wconf 69' lang='lat' dir='ltr'>oc,</span> <span class='ocrx_word' id='word_1_57' title='bbox 563 820 718 872; x_wconf 79' lang='lat' dir='ltr'>absque</span> <span class='ocrx_word' id='word_1_58' title='bbox 757 820 900 858; x_wconf 87' lang='lat' dir='ltr'>ordine</span> <span class='ocrx_word' id='word_1_59' title='bbox 941 835 1105 872; x_wconf 84' lang='lat' dir='ltr'>sparsa,</span> <span class='ocrx_word' id='word_1_60' title='bbox 1155 826 1196 860; x_wconf 85' lang='lat' dir='ltr'>in</span> <span class='ocrx_word' id='word_1_61' title='bbox 1237 833 1342 861; x_wconf 78' lang='lat' dir='ltr'>statu</span> <span class='ocrx_word' id='word_1_62' title='bbox 1378 827 1454 862; x_wconf 85' lang='lat' dir='ltr'>im-</span> 
     </span>
     <span class='ocr_line' id='line_1_10' title="bbox 109 894 1454 947; baseline 0.004 -16"><span class='ocrx_word' id='word_1_63' title='bbox 109 908 247 933; x_wconf 87' lang='lat' dir='ltr'>merso</span> <span class='ocrx_word' id='word_1_64' title='bbox 277 897 527 946; x_wconf 84' lang='lat' dir='ltr'>persistens,</span> <span class='ocrx_word' id='word_1_65' title='bbox 575 895 625 931; x_wconf 82' lang='lat' dir='ltr'>ad</span> <span class='ocrx_word' id='word_1_66' title='bbox 663 894 767 946; x_wconf 82' lang='lat' dir='ltr'>ligna</span> <span class='ocrx_word' id='word_1_67' title='bbox 806 894 923 931; x_wconf 67' lang='lat' dir='ltr'>alueo,</span> <span class='ocrx_word' id='word_1_68' title='bbox 951 895 1104 947; x_wconf 83' lang='lat' dir='ltr'>aliaque</span> <span class='ocrx_word' id='word_1_69' title='bbox 1134 896 1231 934; x_wconf 90' lang='lat' dir='ltr'>hinc</span> <span class='ocrx_word' id='word_1_70' title='bbox 1258 898 1354 936; x_wconf 88' lang='lat' dir='ltr'>inde</span> <span class='ocrx_word' id='word_1_71' title='bbox 1381 912 1454 936; x_wconf 87' lang='lat' dir='ltr'>oc-</span> 
     </span>
     <span class='ocr_line' id='line_1_11' title="bbox 111 969 1451 1022; baseline 0.003 -16"><span class='ocrx_word' id='word_1_72' title='bbox 111 972 248 1007; x_wconf 83' lang='lat' dir='ltr'>currit.</span> <span class='ocrx_word' id='word_1_73' title='bbox 312 970 361 1007; x_wconf 85' lang='lat' dir='ltr'>In</span> <span class='ocrx_word' id='word_1_74' title='bbox 395 983 467 1022; x_wconf 58' lang='lat'>77,</span> <span class='ocrx_word' id='word_1_75' title='bbox 519 969 755 1021; x_wconf 73' lang='lat' dir='ltr'>sphaerulae</span> <span class='ocrx_word' id='word_1_76' title='bbox 805 969 1048 1021; x_wconf 73' lang='lat' dir='ltr'>majusculae</span> <span class='ocrx_word' id='word_1_77' title='bbox 1093 970 1290 1022; x_wconf 83' lang='lat' dir='ltr'>globosae</span> <span class='ocrx_word' id='word_1_78' title='bbox 1337 974 1451 1010; x_wconf 85' lang='lat' dir='ltr'>initio</span> 
     </span>
     <span class='ocr_line' id='line_1_12' title="bbox 110 1044 1454 1096; baseline 0.002 -16"><span class='ocrx_word' id='word_1_79' title='bbox 110 1053 220 1082; x_wconf 77' lang='lat' dir='ltr'>totae</span> <span class='ocrx_word' id='word_1_80' title='bbox 257 1054 389 1082; x_wconf 78' lang='lat' dir='ltr'>tectae</span> <span class='ocrx_word' id='word_1_81' title='bbox 428 1044 577 1082; x_wconf 85' lang='lat' dir='ltr'>ostiola</span> <span class='ocrx_word' id='word_1_82' title='bbox 607 1053 758 1081; x_wconf 77' lang='lat' dir='ltr'>tantum</span> <span class='ocrx_word' id='word_1_83' title='bbox 789 1054 1004 1095; x_wconf 78' lang='lat' dir='ltr'>promunt3</span> <span class='ocrx_word' id='word_1_84' title='bbox 1053 1055 1201 1096; x_wconf 80' lang='lat' dir='ltr'>postea</span> <span class='ocrx_word' id='word_1_85' title='bbox 1228 1056 1362 1083; x_wconf 81' lang='lat' dir='ltr'>autem</span> <span class='ocrx_word' id='word_1_86' title='bbox 1391 1059 1454 1085; x_wconf 86' lang='lat' dir='ltr'>se-</span> 
     </span>
     <span class='ocr_line' id='line_1_13' title="bbox 111 1118 1458 1171; baseline 0.002 -16"><span class='ocrx_word' id='word_1_87' title='bbox 111 1121 430 1165; x_wconf 76' lang='lat' dir='ltr'>nii—emersae,</span> <span class='ocrx_word' id='word_1_88' title='bbox 484 1118 683 1170; x_wconf 75' lang='lat' dir='ltr'>simulque</span> <span class='ocrx_word' id='word_1_89' title='bbox 722 1118 1043 1169; x_wconf 84' lang='lat' dir='ltr'>(hemisphaerio</span> <span class='ocrx_word' id='word_1_90' title='bbox 1079 1132 1230 1171; x_wconf 83' lang='lat' dir='ltr'>supero</span> <span class='ocrx_word' id='word_1_91' title='bbox 1271 1121 1458 1159; x_wconf 85' lang='lat' dir='ltr'>ostiolum</span> 
     </span>
     <span class='ocr_line' id='line_1_14' title="bbox 109 1191 1453 1246; baseline 0.001 -17"><span class='ocrx_word' id='word_1_92' title='bbox 109 1202 292 1244; x_wconf 77' lang='lat' dir='ltr'>gestante</span> <span class='ocrx_word' id='word_1_93' title='bbox 331 1206 407 1244; x_wconf 83' lang='lat' dir='ltr'>per</span> <span class='ocrx_word' id='word_1_94' title='bbox 446 1206 640 1231; x_wconf 89' lang='lat' dir='ltr'>summam</span> <span class='ocrx_word' id='word_1_95' title='bbox 678 1191 932 1243; x_wconf 78' lang='lat' dir='ltr'>fragilitatem</span> <span class='ocrx_word' id='word_1_96' title='bbox 970 1196 1103 1231; x_wconf 84' lang='lat' dir='ltr'>statim</span> <span class='ocrx_word' id='word_1_97' title='bbox 1140 1194 1334 1246; x_wconf 84' lang='lat' dir='ltr'>perdito)</span> <span class='ocrx_word' id='word_1_98' title='bbox 1373 1197 1453 1233; x_wconf 85' lang='lat' dir='ltr'>cir-</span> 
     </span>
     <span class='ocr_line' id='line_1_15' title="bbox 111 1267 1451 1320; baseline 0.003 -16"><span class='ocrx_word' id='word_1_99' title='bbox 111 1270 375 1315; x_wconf 84' lang='lat' dir='ltr'>cumscissae‚</span> <span class='ocrx_word' id='word_1_100' title='bbox 409 1267 592 1320; x_wconf 71' lang='lat' dir='ltr'>capulam</span> <span class='ocrx_word' id='word_1_101' title='bbox 622 1277 758 1305; x_wconf 77' lang='lat' dir='ltr'>exacte</span> <span class='ocrx_word' id='word_1_102' title='bbox 788 1267 1101 1318; x_wconf 80' lang='lat' dir='ltr'>semiglobosam</span> <span class='ocrx_word' id='word_1_103' title='bbox 1125 1269 1451 1318; x_wconf 83' lang='lat' dir='ltr'>atro-lucidam,</span> 
     </span>
     <span class='ocr_line' id='line_1_16' title="bbox 111 1341 1453 1396; baseline 0.003 -18"><span class='ocrx_word' id='word_1_104' title='bbox 111 1341 276 1379; x_wconf 78' lang='lat' dir='ltr'>cellulae</span> <span class='ocrx_word' id='word_1_105' title='bbox 305 1355 400 1380; x_wconf 87' lang='lat' dir='ltr'>suae</span> <span class='ocrx_word' id='word_1_106' title='bbox 428 1342 537 1393; x_wconf 81' lang='lat' dir='ltr'>ligno</span> <span class='ocrx_word' id='word_1_107' title='bbox 567 1342 795 1393; x_wconf 89' lang='lat' dir='ltr'>insculptae</span> <span class='ocrx_word' id='word_1_108' title='bbox 823 1342 1090 1389; x_wconf 81' lang='lat' dir='ltr'>insidentem,</span> <span class='ocrx_word' id='word_1_109' title='bbox 1133 1345 1300 1382; x_wconf 90' lang='lat' dir='ltr'>sistunt:</span> <span class='ocrx_word' id='word_1_110' title='bbox 1332 1344 1453 1396; x_wconf 76' lang='lat' dir='ltr'>longe</span> 
     </span>
     <span class='ocr_line' id='line_1_17' title="bbox 108 1415 1449 1469; baseline 0.002 -16"><span class='ocrx_word' id='word_1_111' title='bbox 108 1415 270 1467; x_wconf 82' lang='lat' dir='ltr'>lateque</span> <span class='ocrx_word' id='word_1_112' title='bbox 309 1426 490 1454; x_wconf 87' lang='lat' dir='ltr'>ceterum</span> <span class='ocrx_word' id='word_1_113' title='bbox 526 1419 567 1453; x_wconf 91' lang='lat' dir='ltr'>in</span> <span class='ocrx_word' id='word_1_114' title='bbox 598 1420 869 1468; x_wconf 84' lang='lat' dir='ltr'>quincuncem</span> <span class='ocrx_word' id='word_1_115' title='bbox 905 1416 1201 1468; x_wconf 84' lang='lat' dir='ltr'>regularissime</span> <span class='ocrx_word' id='word_1_116' title='bbox 1238 1417 1449 1469; x_wconf 84' lang='lat' dir='ltr'>disposita,</span> 
     </span>
     <span class='ocr_line' id='line_1_18' title="bbox 108 1490 1451 1542; baseline 0.004 -16"><span class='ocrx_word' id='word_1_117' title='bbox 108 1492 151 1527; x_wconf 91' lang='lat' dir='ltr'>in</span> <span class='ocrx_word' id='word_1_118' title='bbox 179 1490 325 1528; x_wconf 85' lang='lat' dir='ltr'>arbore</span> <span class='ocrx_word' id='word_1_119' title='bbox 354 1492 473 1529; x_wconf 61' lang='lat' dir='ltr'>unica</span> <span class='ocrx_word' id='word_1_120' title='bbox 503 1491 666 1542; x_wconf 79' lang='lat' dir='ltr'>(Fago,</span> <span class='ocrx_word' id='word_1_121' title='bbox 713 1501 757 1529; x_wconf 92' lang='lat' dir='ltr'>ut</span> <span class='ocrx_word' id='word_1_122' title='bbox 792 1491 1027 1542; x_wconf 83' lang='lat' dir='ltr'>videbatur)</span> <span class='ocrx_word' id='word_1_123' title='bbox 1072 1492 1254 1529; x_wconf 74' lang='lat' dir='ltr'>emortua</span> <span class='ocrx_word' id='word_1_124' title='bbox 1291 1506 1338 1531; x_wconf 87' lang='lat' dir='ltr'>ac</span> <span class='ocrx_word' id='word_1_125' title='bbox 1377 1493 1451 1531; x_wconf 84' lang='lat' dir='ltr'>de-</span> 
     </span>
     <span class='ocr_line' id='line_1_19' title="bbox 110 1565 1450 1617; baseline 0.001 -14"><span class='ocrx_word' id='word_1_126' title='bbox 110 1565 306 1603; x_wconf 71' lang='lat' dir='ltr'>corticata</span> <span class='ocrx_word' id='word_1_127' title='bbox 345 1565 648 1616; x_wconf 70' lang='lat' dir='ltr'>(Iio&#39;nigslzolz)</span> <span class='ocrx_word' id='word_1_128' title='bbox 692 1565 884 1617; x_wconf 76' lang='lat' dir='ltr'>frequens</span> <span class='ocrx_word' id='word_1_129' title='bbox 913 1568 1090 1604; x_wconf 84' lang='lat' dir='ltr'>inventa.</span> <span class='ocrx_word' id='word_1_130' title='bbox 1147 1567 1245 1604; x_wconf 88' lang='lat' dir='ltr'>Var.</span> <span class='ocrx_word' id='word_1_131' title='bbox 1280 1565 1337 1613; x_wconf 77' lang='grc' dir='ltr'>ὃὸ,</span> <span class='ocrx_word' id='word_1_132' title='bbox 1370 1577 1450 1606; x_wconf 87' lang='lat' dir='ltr'>tra-</span> 
     </span>
     <span class='ocr_line' id='line_1_20' title="bbox 110 1638 1448 1693; baseline 0.002 -17"><span class='ocrx_word' id='word_1_133' title='bbox 110 1648 178 1676; x_wconf 88' lang='lat' dir='ltr'>ctu</span> <span class='ocrx_word' id='word_1_134' title='bbox 206 1639 344 1677; x_wconf 81' lang='lat' dir='ltr'>lineari</span> <span class='ocrx_word' id='word_1_135' title='bbox 372 1639 466 1690; x_wconf 84' lang='lat' dir='ltr'>ligni</span> <span class='ocrx_word' id='word_1_136' title='bbox 495 1641 594 1678; x_wconf 88' lang='lat' dir='ltr'>sicci</span> <span class='ocrx_word' id='word_1_137' title='bbox 623 1638 783 1690; x_wconf 74' lang='lat' dir='ltr'>abiegni</span> <span class='ocrx_word' id='word_1_138' title='bbox 810 1638 1075 1691; x_wconf 68' lang='lat' dir='ltr'><em>(Polsbruch)</em></span> <span class='ocrx_word' id='word_1_139' title='bbox 1104 1642 1225 1678; x_wconf 87' lang='lat' dir='ltr'>rimas</span> <span class='ocrx_word' id='word_1_140' title='bbox 1255 1651 1448 1693; x_wconf 84' lang='lat' dir='ltr'>occupat,</span> 
     </span>
     <span class='ocr_line' id='line_1_21' title="bbox 106 1713 1451 1768; baseline 0.002 -16"><span class='ocrx_word' id='word_1_141' title='bbox 106 1713 336 1765; x_wconf 83' lang='lat' dir='ltr'>sphaerulis</span> <span class='ocrx_word' id='word_1_142' title='bbox 384 1717 514 1752; x_wconf 86' lang='lat' dir='ltr'>ovatis</span> <span class='ocrx_word' id='word_1_143' title='bbox 561 1717 762 1753; x_wconf 84' lang='lat' dir='ltr'>immersis</span> <span class='ocrx_word' id='word_1_144' title='bbox 811 1713 959 1761; x_wconf 86' lang='lat' dir='ltr'>fuscis,</span> <span class='ocrx_word' id='word_1_145' title='bbox 1011 1728 1113 1766; x_wconf 86' lang='lat' dir='ltr'>quae</span> <span class='ocrx_word' id='word_1_146' title='bbox 1158 1713 1451 1768; x_wconf 82' lang='lat' dir='ltr'>subcontiguae</span> 
     </span>
     <span class='ocr_line' id='line_1_22' title="bbox 105 1788 1452 1841; baseline 0.001 -15"><span class='ocrx_word' id='word_1_147' title='bbox 105 1791 258 1840; x_wconf 86' lang='lat' dir='ltr'>passim</span> <span class='ocrx_word' id='word_1_148' title='bbox 296 1791 410 1840; x_wconf 84' lang='lat' dir='ltr'>quasi</span> <span class='ocrx_word' id='word_1_149' title='bbox 453 1798 646 1827; x_wconf 86' lang='lat' dir='ltr'>stromate</span> <span class='ocrx_word' id='word_1_150' title='bbox 683 1789 859 1841; x_wconf 86' lang='lat' dir='ltr'>quodam</span> <span class='ocrx_word' id='word_1_151' title='bbox 898 1791 1004 1826; x_wconf 87' lang='lat' dir='ltr'>inter</span> <span class='ocrx_word' id='word_1_152' title='bbox 1043 1802 1086 1827; x_wconf 86' lang='lat' dir='ltr'>se</span> <span class='ocrx_word' id='word_1_153' title='bbox 1116 1788 1277 1840; x_wconf 82' lang='lat' dir='ltr'>junctae</span> <span class='ocrx_word' id='word_1_154' title='bbox 1312 1790 1452 1828; x_wconf 87' lang='lat' dir='ltr'>viden-</span> 
     </span>
     <span class='ocr_line' id='line_1_23' title="bbox 105 1862 1449 1916; baseline 0.002 -16"><span class='ocrx_word' id='word_1_155' title='bbox 105 1872 194 1909; x_wconf 80' lang='lat' dir='ltr'>tur3</span> <span class='ocrx_word' id='word_1_156' title='bbox 234 1863 344 1902; x_wconf 85' lang='lat' dir='ltr'>unde</span> <span class='ocrx_word' id='word_1_157' title='bbox 381 1863 435 1901; x_wconf 81' lang='lat' dir='ltr'>ad</span> <span class='ocrx_word' id='word_1_158' title='bbox 463 1862 504 1901; x_wconf 84' lang='lat' dir='ltr'>S.</span> <span class='ocrx_word' id='word_1_159' title='bbox 535 1874 789 1915; x_wconf 73' lang='lat' dir='ltr'>protractam</span> <span class='ocrx_word' id='word_1_160' title='bbox 827 1863 1027 1916; x_wconf 73' lang='lat' dir='ltr'><em>(SytzOpS.</em></span> <span class='ocrx_word' id='word_1_161' title='bbox 1058 1863 1090 1901; x_wconf 87' lang='lat' dir='ltr'>I.</span> <span class='ocrx_word' id='word_1_162' title='bbox 1122 1878 1165 1915; x_wconf 83' lang='lat' dir='ltr'>p.</span> <span class='ocrx_word' id='word_1_163' title='bbox 1197 1863 1285 1915; x_wconf 66' lang='lat'><strong>54.)</strong></span> <span class='ocrx_word' id='word_1_164' title='bbox 1314 1863 1449 1903; x_wconf 81' lang='lat' dir='ltr'>forsan</span> 
     </span>
     <span class='ocr_line' id='line_1_24' title="bbox 104 1937 1448 1990; baseline 0.001 -15"><span class='ocrx_word' id='word_1_165' title='bbox 104 1937 356 1989; x_wconf 86' lang='lat' dir='ltr'>aliquatenus</span> <span class='ocrx_word' id='word_1_166' title='bbox 392 1938 566 1977; x_wconf 81' lang='lat' dir='ltr'>accedit.</span> <span class='ocrx_word' id='word_1_167' title='bbox 632 1938 680 1976; x_wconf 90' lang='lat' dir='ltr'>In</span> <span class='ocrx_word' id='word_1_168' title='bbox 715 1938 793 1976; x_wconf 68' lang='lat' dir='ltr'>hac</span> <span class='ocrx_word' id='word_1_169' title='bbox 832 1940 1054 1989; x_wconf 84' lang='lat' dir='ltr'>praecipue</span> <span class='ocrx_word' id='word_1_170' title='bbox 1096 1938 1269 1984; x_wconf 84' lang='lat' dir='ltr'>ostiola,</span> <span class='ocrx_word' id='word_1_171' title='bbox 1315 1942 1448 1990; x_wconf 86' lang='lat' dir='ltr'>primo</span> 
     </span>
     <span class='ocr_line' id='line_1_25' title="bbox 104 2011 1448 2065; baseline 0.001 -15"><span class='ocrx_word' id='word_1_172' title='bbox 104 2013 243 2065; x_wconf 87' lang='lat' dir='ltr'>(quod</span> <span class='ocrx_word' id='word_1_173' title='bbox 279 2022 321 2051; x_wconf 87' lang='lat' dir='ltr'>et</span> <span class='ocrx_word' id='word_1_174' title='bbox 357 2015 399 2050; x_wconf 89' lang='lat' dir='ltr'>in</span> <span class='ocrx_word' id='word_1_175' title='bbox 439 2028 480 2060; x_wconf 80' lang='grc' dir='ltr'>α,</span> <span class='ocrx_word' id='word_1_176' title='bbox 520 2026 589 2065; x_wconf 71' lang='grc' dir='ltr'>Ὑγ,</span> <span class='ocrx_word' id='word_1_177' title='bbox 631 2012 815 2062; x_wconf 86' lang='lat' dir='ltr'>obtinet)</span> <span class='ocrx_word' id='word_1_178' title='bbox 856 2013 1096 2063; x_wconf 76' lang='lat' dir='ltr'>simpliCiter</span> <span class='ocrx_word' id='word_1_179' title='bbox 1132 2011 1306 2063; x_wconf 75' lang='lat' dir='ltr'>globoso</span> <span class='ocrx_word' id='word_1_180' title='bbox 1330 2036 1350 2043; x_wconf 89' lang='lat'>-</span> <span class='ocrx_word' id='word_1_181' title='bbox 1378 2013 1448 2052; x_wconf 87' lang='lat' dir='ltr'>de—</span> 
     </span>
     <span class='ocr_line' id='line_1_26' title="bbox 103 2086 1449 2140; baseline 0.002 -17"><span class='ocrx_word' id='word_1_182' title='bbox 103 2100 269 2139; x_wconf 87' lang='lat' dir='ltr'>pressa,</span> <span class='ocrx_word' id='word_1_183' title='bbox 318 2087 414 2125; x_wconf 89' lang='lat' dir='ltr'>dein</span> <span class='ocrx_word' id='word_1_184' title='bbox 450 2090 576 2140; x_wconf 84' lang='lat' dir='ltr'>magis</span> <span class='ocrx_word' id='word_1_185' title='bbox 617 2087 798 2138; x_wconf 85' lang='lat' dir='ltr'>collapsa</span> <span class='ocrx_word' id='word_1_186' title='bbox 835 2086 1035 2125; x_wconf 87' lang='lat' dir='ltr'>Pezizulas</span> <span class='ocrx_word' id='word_1_187' title='bbox 1073 2089 1361 2127; x_wconf 83' lang='lat' dir='ltr'>minutissimas</span> <span class='ocrx_word' id='word_1_188' title='bbox 1389 2091 1449 2126; x_wconf 87' lang='lat' dir='ltr'>ni-</span> 
     </span>
     <span class='ocr_line' id='line_1_27' title="bbox 103 2161 1445 2221; baseline 0.001 -23"><span class='ocrx_word' id='word_1_189' title='bbox 103 2174 192 2213; x_wconf 83' lang='lat' dir='ltr'>gras</span> <span class='ocrx_word' id='word_1_190' title='bbox 232 2161 336 2199; x_wconf 85' lang='lat' dir='ltr'>adeo</span> <span class='ocrx_word' id='word_1_191' title='bbox 372 2161 646 2209; x_wconf 82' lang='lat' dir='ltr'>aemulantur,</span> <span class='ocrx_word' id='word_1_192' title='bbox 692 2161 837 2221; x_wconf 63' lang='lat' dir='ltr'>ffl‘&#39;V9,l</span> <span class='ocrx_word' id='word_1_193' title='bbox 883 2163 1132 2213; x_wconf 85' lang='lat' dir='ltr'>peritissimo</span> <span class='ocrx_word' id='word_1_194' title='bbox 1174 2164 1320 2213; x_wconf 79' lang='lat' dir='ltr'>cuique</span> <span class='ocrx_word' id='word_1_195' title='bbox 1357 2162 1445 2200; x_wconf 87' lang='lat' dir='ltr'>illu-</span> 
     </span>
     <span class='ocr_line' id='line_1_28' title="bbox 104 2230 866 2287; baseline -0.004 -14"><span class='ocrx_word' id='word_1_196' title='bbox 104 2235 214 2273; x_wconf 86' lang='lat' dir='ltr'>dant.</span> <span class='ocrx_word' id='word_1_197' title='bbox 238 2257 291 2264; x_wconf 92' lang='lat'>—-</span> <span class='ocrx_word' id='word_1_198' title='bbox 318 2235 470 2287; x_wconf 83' lang='lat' dir='ltr'>Aprili,</span> <span class='ocrx_word' id='word_1_199' title='bbox 500 2236 629 2274; x_wconf 86' lang='lat' dir='ltr'>Maio.</span> <span class='ocrx_word' id='word_1_200' title='bbox 748 2234 795 2270; x_wconf 53' lang='lat'>2⁴⁴</span> <span class='ocrx_word' id='word_1_201' title='bbox 835 2230 866 2270; x_wconf 57' lang='lat' dir='ltr'>‘r</span> 
     </span>
     <span class='ocr_line' id='line_1_29' title="bbox 213 2312 753 2348; baseline 0.002 -1"><span class='ocrx_word' id='word_1_202' title='bbox 213 2323 298 2348; x_wconf 82' lang='lat'>122.</span> <span class='ocrx_word' id='word_1_203' title='bbox 346 2312 386 2347; x_wconf 88' lang='lat' dir='ltr'>S.</span> <span class='ocrx_word' id='word_1_204' title='bbox 429 2313 753 2348; x_wconf 87' lang='lat' dir='ltr'>incrustans.</span> 
     </span>
     <span class='ocr_line' id='line_1_30' title="bbox 103 2382 1446 2436; baseline -0.001 -15"><span class='ocrx_word' id='word_1_205' title='bbox 103 2385 268 2421; x_wconf 79' lang='lat' dir='ltr'>Praeter</span> <span class='ocrx_word' id='word_1_206' title='bbox 296 2384 400 2435; x_wconf 82' lang='lat' dir='ltr'>ligna</span> <span class='ocrx_word' id='word_1_207' title='bbox 427 2383 626 2436; x_wconf 73' lang='lat' dir='ltr'>popzclrzea</span> <span class='ocrx_word' id='word_1_208' title='bbox 663 2386 704 2421; x_wconf 89' lang='lat' dir='ltr'>in</span> <span class='ocrx_word' id='word_1_209' title='bbox 733 2382 968 2422; x_wconf 73' lang='lat' dir='ltr'>cavitatibus</span> <span class='ocrx_word' id='word_1_210' title='bbox 997 2385 1116 2422; x_wconf 81' lang='lat' dir='ltr'>etiam</span> <span class='ocrx_word' id='word_1_211' title='bbox 1145 2383 1238 2435; x_wconf 83' lang='lat' dir='ltr'>ligni</span> <span class='ocrx_word' id='word_1_212' title='bbox 1268 2384 1446 2434; x_wconf 68' lang='lat' dir='ltr'>quercini</span> 
     </span>
     <span class='ocr_line' id='line_1_31' title="bbox 102 2456 1444 2510; baseline -0.001 -15"><span class='ocrx_word' id='word_1_213' title='bbox 102 2458 261 2505; x_wconf 85' lang='lat' dir='ltr'>fissilis,</span> <span class='ocrx_word' id='word_1_214' title='bbox 303 2468 345 2496; x_wconf 94' lang='lat' dir='ltr'>et</span> <span class='ocrx_word' id='word_1_215' title='bbox 372 2461 578 2496; x_wconf 77' lang='lat' dir='ltr'>maximam</span> <span class='ocrx_word' id='word_1_216' title='bbox 609 2457 797 2510; x_wconf 87' lang='lat' dir='ltr'>quidem,</span> <span class='ocrx_word' id='word_1_217' title='bbox 836 2457 888 2496; x_wconf 86' lang='lat' dir='ltr'>ad</span> <span class='ocrx_word' id='word_1_218' title='bbox 917 2457 1159 2508; x_wconf 80' lang='lat' dir='ltr'>spithamam</span> <span class='ocrx_word' id='word_1_219' title='bbox 1189 2467 1229 2496; x_wconf 90' lang='lat' dir='ltr'>et</span> <span class='ocrx_word' id='word_1_220' title='bbox 1257 2458 1358 2496; x_wconf 88' lang='lat' dir='ltr'>ultra</span> <span class='ocrx_word' id='word_1_221' title='bbox 1387 2456 1444 2496; x_wconf 76' lang='lat' dir='ltr'>ef-</span> 
     </span>
     <span class='ocr_line' id='line_1_32' title="bbox 102 2531 1144 2584; baseline 0.001 -15"><span class='ocrx_word' id='word_1_222' title='bbox 102 2531 255 2579; x_wconf 85' lang='lat' dir='ltr'>fusam,</span> <span class='ocrx_word' id='word_1_223' title='bbox 286 2532 380 2570; x_wconf 86' lang='lat' dir='ltr'>hinc</span> <span class='ocrx_word' id='word_1_224' title='bbox 410 2533 503 2571; x_wconf 87' lang='lat' dir='ltr'>inde</span> <span class='ocrx_word' id='word_1_225' title='bbox 533 2532 760 2571; x_wconf 82' lang='lat' dir='ltr'>habuimus.</span> <span class='ocrx_word' id='word_1_226' title='bbox 820 2533 1002 2584; x_wconf 80' lang='lat' dir='ltr'>Hyeme,</span> <span class='ocrx_word' id='word_1_227' title='bbox 1033 2546 1144 2571; x_wconf 87' lang='lat' dir='ltr'>vere.</span> 
     </span>
     <span class='ocr_line' id='line_1_33' title="bbox 211 2606 763 2659; baseline -0.002 -14"><span class='ocrx_word' id='word_1_228' title='bbox 211 2606 297 2646; x_wconf 71' lang='lat'>123.</span> <span class='ocrx_word' id='word_1_229' title='bbox 345 2609 384 2645; x_wconf 88' lang='lat' dir='ltr'>S.</span> <span class='ocrx_word' id='word_1_230' title='bbox 424 2607 763 2659; x_wconf 84' lang='lat' dir='ltr'>pulveracea.</span> 
     </span>
     <span class='ocr_line' id='line_1_34' title="bbox 31 2676 1441 2735; baseline 0 -18"><span class='ocrx_word' id='word_1_231' title='bbox 31 2676 165 2730; x_wconf 48' lang='grc' dir='ltr'>’,ῥά</span> <span class='ocrx_word' id='word_1_232' title='bbox 194 2681 298 2733; x_wconf 79' lang='lat' dir='ltr'>ligna</span> <span class='ocrx_word' id='word_1_233' title='bbox 327 2681 425 2720; x_wconf 84' lang='lat' dir='ltr'>dura</span> <span class='ocrx_word' id='word_1_234' title='bbox 454 2685 562 2721; x_wconf 80' lang='lat' dir='ltr'>sicca</span> <span class='ocrx_word' id='word_1_235' title='bbox 592 2681 702 2735; x_wconf 79' lang='lat' dir='ltr'>apud</span> <span class='ocrx_word' id='word_1_236' title='bbox 728 2693 807 2720; x_wconf 89' lang='lat' dir='ltr'>nos</span> <span class='ocrx_word' id='word_1_237' title='bbox 835 2683 986 2721; x_wconf 83' lang='lat' dir='ltr'>rarior:</span> <span class='ocrx_word' id='word_1_238' title='bbox 1028 2680 1226 2734; x_wconf 79' lang='lat' dir='ltr'>vulgatior</span> <span class='ocrx_word' id='word_1_239' title='bbox 1253 2683 1294 2719; x_wconf 90' lang='lat' dir='ltr'>in</span> <span class='ocrx_word' id='word_1_240' title='bbox 1325 2681 1441 2727; x_wconf 82' lang='lat' dir='ltr'>Pino,</span> 
     </span>
    </p>
   </div>
   <div class='ocr_carea' id='block_1_3' title="bbox 1375 2771 1391 2779">
    <p class='ocr_par' dir='ltr' id='par_1_3' title="bbox 1375 2771 1391 2779">
     <span class='ocr_line' id='line_1_35' title="bbox 1375 2771 1391 2779; baseline 0 -4"><span class='ocrx_word' id='word_1_241' title='bbox 1375 2771 1391 2779; x_wconf 70' lang='grc'>.,</span> 
     </span>
    </p>
   </div>
   <div class='ocr_carea' id='block_1_4' title="bbox 1367 2778 1391 2808">
    <p class='ocr_par' dir='ltr' id='par_1_4' title="bbox 1367 2778 1391 2808">
     <span class='ocr_line' id='line_1_36' title="bbox 1367 2778 1391 2808; baseline 0 0"><span class='ocrx_word' id='word_1_242' title='bbox 1367 2778 1391 2808; x_wconf 75' lang='lat' dir='ltr'>O</span> 
     </span>
    </p>
   </div>
  </div>
 </body>
</html>
