1928 3051
228 933 305 964 Τὼ.
338 934 382 964 11.

411 156 462 206 48

413 274 512 311 Var.
547 288 588 320 α,
621 284 761 325 sparsa
789 272 1148 324 subgregariaque,
1188 275 1230 310 in
1268 271 1371 311 foliis
1398 270 1520 310 aridis
1548 273 1752 324 quercinis

413 346 603 398 vulgaris3
651 355 859 397 praeterea
904 348 1021 383 etiam
1052 349 1093 382 in
1123 343 1237 382 Rubo
1259 341 1487 402 fruticoso,
1530 344 1752 398 Oxyaean-

413 421 504 465 cha,
546 419 679 457 Salice
710 418 868 470 Caprea
899 419 994 469 (ubi
1023 419 1162 456 ostiolo
1193 419 1369 471 quodam
1399 419 1486 457 exili
1514 422 1750 458 instructam

413 494 548 531 videre
576 492 697 530 nobis
725 495 799 530 visi
828 495 991 544 sumus)
1021 501 1061 530 et
1091 491 1254 529 Pteride
1279 492 1476 547 Aquiliae
1505 495 1656 544 passini
1682 505 1750 532 re·-

410 577 526 618 perm
582 565 797 618 epipliylla.
881 570 976 606 Var.
1017 580 1057 619 γ,
1098 566 1196 604 loco
1258 579 1332 606 suo
1389 567 1747 606 abundantissima.

409 641 594 692 Utraque
624 643 832 690 perennis.

519 720 600 764 ¹40·
645 715 685 752 S.
727 713 956 752 Pustula.

408 787 457 826 In
492 787 598 826 foliis
639 791 842 840 quercinis
879 787 1049 840 dejectis
1090 790 1210 828 siccis
1247 788 1396 842 ubique
1431 789 1516 828 fere
1543 787 1747 841 frequens.

408 861 647 900 Praesertim
677 875 786 900 vere.

516 942 599 985 141.
644 937 683 974 S.
713 939 1021 974 atrovirens
1057 949 1226 975 nonis.

408 1009 449 1049 S.
489 1010 681 1062 (simplex
720 1013 898 1060 ascoma)
945 1012 982 1047 in
1020 1011 1274 1064 quincuncem
1311 1024 1455 1062 sparsa
1484 1026 1503 1047 e
1529 1010 1652 1048 viridi
1690 1011 1747 1047 ηἰ-

405 1086 592 1135 gricans,
639 1084 856 1136 sphaerulis
903 1084 1127 1137 majusculis
1166 1085 1355 1122 immersis
1390 1084 1564 1136 globosis
1601 1086 1747 1122 ovatis-

407 1173 499 1211 que,
531 1160 678 1195 vertice
705 1157 961 1210 subdepresso
992 1158 1178 1209 ruguloso
1203 1155 1443 1214 cirrhifero,
1476 1159 1629 1197 demum
1649 1160 1746 1196 irre·

404 1231 603 1283 gulariter
632 1234 741 1270 rimis
771 1230 1099 1269 transversalibus
1128 1244 1259 1285 rupto.

771 1321 811 1352 α,
847 1306 950 1345 J‘isci

769 1378 815 1428 β,
847 1381 952 1417 Βιι,ῑ·ἰ

403 1454 501 1491 Var.
535 1468 575 1501 α,
611 1453 714 1493 Visci
742 1452 822 1490 athi
851 1455 1093 1505 praeprimis
1129 1453 1246 1502 folia,
1286 1454 1382 1492 dum
1399 1455 1596 1493 *colorem
1626 1468 1745 1494 suum

404 1528 705 1579 languescentia
746 1530 871 1579 inagis
916 1531 1122 1579 magisque
1157 1532 1198 1566 in
1234 1528 1387 1568 luteum
1424 1539 1601 1576 mutant,
1650 1532 1746 1569 satis

401 1602 637 1653 regulariter
665 1602 958 1653 quincuncialis
985 1624 1037 1631 -
1065 1616 1187 1654 saepe
1227 1613 1361 1641 tamen
1396 1604 1550 1642 caulem
1580 1617 1746 1656 quoque

401 1689 449 1714 ac
478 1676 681 1728 petiolos,
732 1675 959 1714 confertior
987 1686 1028 1713 et
1054 1680 1179 1730 magis
1217 1678 1425 1724 anomala,
1478 1677 1599 1729 longe
1646 1678 1745 1716 late-

403 1764 482 1803 que
521 1750 700 1803 undique
737 1750 905 1802 obtegit.
983 1752 1257 1790 Primordialis
1305 1761 1393 1790 tota
1437 1754 1629 1790 immersa
1665 1761 1742 1799 est,

402 1828 555 1863 vertice
585 1825 745 1863 vixdum
774 1825 978 1872 mumulo,
1018 1825 1238 1863 admodum
1266 1826 1427 1874 mollis,
1466 1839 1590 1864 muco
1621 1829 1744 1865 seini-
1775 1877 1785 1881 ,

402 1912 482 1936 neo
524 1902 737 1937 immaturo
779 1899 903 1937 dllute
942 1898 1158 1951 fnlIginoso
1198 1910 1389 1952 turgens:
1431 1900 1527 1938 dein
1565 1910 1744 1939 mature-

403 1986 522 2012 scens
563 1977 714 2012 sensim
752 1976 922 2025 assurgit
970 1973 1048 2022 (ad
1087 1973 1296 2012 dimidium
1342 1984 1476 2012 tamen
1513 1987 1644 2026 usque
1682 1977 1745 2013 vix

401 2061 578 2100 unquam
616 2050 854 2100 emergens)
896 2057 1089 2100 extusque
1128 2058 1169 2086 et
1196 2051 1303 2087 intus
1333 2061 1353 2086 e
1382 2047 1743 2101 viridi-fuligineo

400 2125 598 2161 intensius
637 2125 854 2174 nigrescit:
904 2122 1038 2173 paullo
1080 2133 1204 2174 post,
1251 2132 1464 2162 temestate
1494 2123 1660 2161 humide
1687 2122 1745 2161 fa-

400 2206 546 2243 vente,
578 2195 784 2234 fructifera
812 2196 1158 2248 deprehenditur,
1191 2197 1385 2234 cirrhulos
1415 2210 1565 2249 nempe
1595 2198 1744 2249 sphae-

401 2271 485 2309 rulzi
516 2271 587 2309 su&
628 2271 750 2322 triplo
780 2270 843 2308 vel
873 2271 1099 2322 quadruplo
1130 2272 1364 2324 longiores,
1411 2271 1642 2323 simplices,
1683 2280 1743 2309 te—

402 2358 526 2390 nues,
558 2358 751 2397 asperos,
783 2345 946 2383 dilutius
975 2349 1197 2397 opaciusve
1227 2345 1393 2386 sordide
1414 2348 1617 2392 virentes,
1649 2345 1744 2384 dein

402 2419 628 2465 marcidos,
669 2433 792 2470 saepe
822 2420 1014 2458 deorsum
1043 2434 1168 2472 super
1195 2420 1414 2458 verticibus
1443 2422 1483 2456 in
1511 2419 1739 2466 acervulos,

401 2494 469 2544 qui
497 2493 641 2530 ostiola
669 2496 943 2541 mentiuntur,
992 2495 1280 2541 considentes,
1323 2493 1640 2539 decumbentes,
1679 2496 1741 2530 in—

401 2579 479 2618 que
527 2567 736 2617 pulvercni
784 2567 1045 2615 fatiscentes,
1091 2571 1208 2619 apice
1252 2578 1422 2619 pertuso
1467 2567 1737 2618 propulsans:

399 2643 441 2678 iu
471 2651 796 2680 consenescente
826 2655 955 2693 porro
984 2651 1122 2680 vertex
1153 2641 1313 2694 jamjam
1341 2641 1566 2680 evidentius
1596 2654 1739 2680 corru-
