1928 3051
1427 142 1478 194 75

138 250 376 291 Substantia
403 266 480 305 pro
507 258 666 306 generis
694 269 810 294 more
840 265 976 302 tenax,
1007 256 1117 305 alba,
1159 261 1311 309 passim
1339 259 1477 300 subfu-

135 325 315 378 liginosa.
375 327 522 366 Cortex
551 332 593 366 in
620 330 825 368 nonnullis
853 329 988 381 pube,
1019 342 1087 369 aut
1116 335 1149 371 si
1174 337 1297 372 mavis
1315 336 1472 386 pruine,

137 402 372 440 tenuissima
401 404 679 441 cinerascente
709 405 783 453 (an
814 405 1044 455 seininali?)
1084 406 1316 455 obductus3
1367 418 1478 446 cete-

133 486 224 511 rum
252 475 389 514 laevis.
447 478 634 527 Speciem
673 477 803 515 forma
833 481 1155 518 constantissima
1174 510 1183 527 ,
1226 484 1303 520 situ
1333 492 1374 520 et
1402 496 1477 521 co·-

133 546 222 585 lore
250 561 272 585 a
300 550 576 599 praecedente
612 550 763 589 affatim
799 551 998 591 diversam
1036 557 1078 590 in
1116 555 1281 605 petiolis
1318 559 1476 596 nervis-

134 634 212 672 que
249 622 440 660 foliorum
478 623 906 674 putrido-siccorum
942 627 1115 664 Erant-ini
1151 628 1254 667 locis
1294 629 1475 670 dumosis

131 694 336 733 umbrosis
366 697 533 747 legimus
564 696 863 755 (Jcirzhcrzdwf)
895 700 1019 738 Maio.

235 769 322 805 205.
367 770 407 806 S.
448 771 751 809 Brassicae.

131 838 366 878 Substantia
394 845 509 880 initio
540 854 625 882 tota
663 845 773 892 alba,
824 846 920 884 dein
958 851 1123 898 punctis
1163 851 1314 899 sparsis
1351 852 1473 901 nigris

130 918 375 966 conspicua,
414 920 579 967 penitus
615 919 779 957 demum
816 923 928 971 nigra
957 921 1098 959 evadit.
1157 923 1350 961 Occurrit
1375 923 1472 963 loco

129 1001 230 1036 suo,
261 1004 338 1028 nec
368 991 461 1029 alibi
490 991 710 1041 hactenus,
740 1007 827 1032 non
852 994 1111 1047 infrequens,
1142 996 1350 1048 hyemalis.

233 1063 320 1102 206,
365 1066 406 1105 S.
448 1069 667 1106 varium.

494 1155 537 1187 oc,
567 1141 776 1180 Brassicae

493 1213 573 1264 ββ,
601 1217 794 1269 pyrinum

126 1286 225 1325 Var.
268 1301 308 1334 α,
349 1297 480 1327 aetate
519 1290 650 1328 media
689 1305 711 1329 e
751 1290 901 1343 pallido
947 1291 1182 1332 subvirente
1228 1292 1468 1335 fuscescens

124 1359 388 1409 laeviuscula3
429 1373 585 1401 matura
613 1374 750 1411 extus,
795 1365 960 1404 demum
989 1376 1030 1405 et
1058 1370 1189 1414 intus,
1229 1372 1353 1420 magis
1383 1383 1467 1407 ma-

123 1437 264 1486 gisque
301 1439 503 1488 nigricans
540 1449 786 1490 corrugatur.
849 1441 950 1478 Non
989 1450 1142 1479 tantuin
1181 1442 1374 1493 hyemalis
1404 1453 1467 1482 est

124 1517 165 1545 et
193 1510 374 1556 cellaris3
427 1512 501 1550 sed
538 1523 579 1549 et
609 1514 809 1551 aestivalis
839 1514 914 1552 sub
944 1514 1010 1552 dio
1039 1518 1080 1552 in
1108 1516 1312 1555 radicibus
1343 1518 1465 1555 cauli·

122 1580 280 1634 busque
309 1585 522 1622 Brassicae
550 1589 670 1626 siccis
701 1588 845 1626 crebra
872 1601 919 1626 ac
947 1592 1125 1641 gregaria
1154 1593 1358 1641 provenit,
1391 1593 1465 1628 ini-

123 1658 181 1693 tio
224 1657 514 1706 subiunnersa,
552 1660 894 1711 pseudostromate
928 1666 1044 1714 nIgro
1089 1664 1288 1715 quodam,
1328 1663 1465 1702 forsan

119 1734 282 1770 nonnisi
319 1747 341 1770 a
376 1737 494 1773 variis
534 1736 725 1775 sordibus
762 1737 961 1783 oriundo,
1013 1738 1215 1775 interdum
1250 1740 1461 1777 instructa.

119 1804 198 1854 ββ,
238 1806 374 1845 lobata
410 1811 538 1855 varia,
581 1813 737 1849 cortice
782 1810 886 1849 duro
915 1815 1056 1863 nigro,
1108 1812 1332 1851 substantie
1362 1812 1464 1863 (per

119 1880 403 1930 putredinem,
435 1892 479 1919 ut
507 1883 743 1936 videbatur)
773 1886 1026 1924 molliusculst
1055 1886 1221 1937 pallide,
1252 1889 1293 1923 in
1322 1886 1462 1924 fructi-

120 1951 195 1991 bus
230 1957 390 2007 pyrinis
427 1957 616 2008 putribus
655 1963 870 2010 parasitica
901 1980 955 1988 —-
990 1960 1072 1998 huc
1101 1965 1196 1999 satis
1226 1961 1458 2008 connnode,

119 2030 195 2065 nisi
225 2028 279 2066 ob
309 2030 439 2068 solum
468 2032 597 2069 natale
626 2037 867 2083 praesertim
891 2037 1009 2072 nimis
1030 2034 1228 2072 abnorme
1251 2038 1461 2086 propriam

120 2106 303 2153 speciem
339 2105 549 2151 malueris,
597 2106 739 2145 referri
779 2111 946 2158 poterit.
1011 2109 1099 2158 (An
1126 2109 1233 2146 istuc
1266 2107 1459 2144 Tremella

119 2176 295 2213 ustulata
325 2177 496 2231 Synops.
528 2180 581 2218 II.
613 2196 656 2232 p.
697 2182 803 2232 6:27?
841 2182 917 2220 sed
952 2192 1092 2221 noster
1128 2181 1273 2232 fungus
1303 2181 1459 2219 Socero-

120 2251 184 2286 tiis
214 2254 439 2290 certissime
467 2255 748 2294 accensendus
779 2259 876 2305 est).
935 2256 1087 2303 Semel,
1124 2259 1286 2297 ineunte
1314 2255 1459 2294 Janua·

116 2326 205 2371 rio,
237 2327 277 2362 in
304 2329 416 2378 pyris
446 2327 521 2365 sub
550 2328 618 2365 clio
648 2328 859 2381 projectis.

223 2412 312 2449 207.
359 2401 398 2438 S.
442 2402 642 2440 Semen.

116 2471 358 2524 Plerumque
388 2485 525 2513 exacte
553 2476 796 2527 globosum,
828 2476 1091 2515 subliberum.
1137 2478 1301 2515 Praeter
1322 2478 1456 2517 caules

116 2531 360 2598 sexxiiputres
379 2549 514 2587 Solani
535 2560 615 2588 etc.
632 2547 742 2606 folia
768 2554 887 2589 etiam
909 2551 1083 2598 betuljna
1111 2552 1264 2604 aliaque
1286 2555 1453 2603 passim,

115 2623 199 2661 laxe
226 2622 479 2672 adhaerens,
511 2625 675 2672 incolit,
712 2625 811 2665 locis
839 2624 1014 2666 humidis
1044 2625 1217 2679 dejecta.
1274 2628 1400 2666 Vere.
