1928 3051
431 190 475 228 16

429 308 639 347 sulcndum
671 320 793 350 esset.
863 311 910 348 In
952 311 1086 348 culmo
1127 311 1243 351 Junci
1272 310 1563 362 conglomgrati
1591 316 1768 366 semipu-

430 383 534 421 trido
565 384 689 422 semel
719 385 822 422 lecta
852 384 973 432 (holte
1004 383 1159 435 Linde)
1194 385 1394 436 Augusto.

530 488 594 535 48.
642 489 681 524 S.
724 486 910 524 velata.
1550 541 1556 545 ἱ

431 559 575 597 Crusta
612 563 723 611 nigra
759 563 801 596 in
835 559 1018 597 colorem
1048 560 1215 599 sordide
1245 561 1623 606 cinereo-lividum
1652 577 1768 616 spar-

426 637 499 671 sim
532 636 694 671 transit:
739 647 834 670 num
874 646 896 671 a
931 634 1103 685 gelatinxi
1133 635 1436 686 sphaerularum
1466 636 1611 676 diffusa
1639 641 1769 678 exsic-

427 709 597 759 carique
626 717 759 745 ortum
788 707 970 746 ducens?
1027 709 1074 747 In
1102 709 1222 761 ligno*
1247 709 1422 750 tiliaceo.
1479 711 1672 751 Extremo
1701 726 1769 751 au-

406 782 565 820 ⁴tumno
597 785 814 834 primoque
842 795 952 820 vere.

528 883 590 929 49.
635 879 674 916 S.
717 878 826 917 uda.

793 968 833 999 α,
866 955 1056 1008 quercina

425 1026 491 1064 Ad
518 1026 622 1078 ligna
651 1026 783 1073 arida,
821 1028 924 1067 locis
952 1028 1128 1067 humidis
1158 1028 1340 1081 dejecta,
1384 1033 1575 1082 quercina
1602 1031 1663 1069 vel
1694 1030 1771 1069 tili-

426 1113 522 1139 acea
550 1101 646 1139 hinc
674 1101 789 1150 inde,
821 1116 899 1141 nec
927 1103 1174 1156 infrequens.
1231 1105 1450 1153 Perennis:
1488 1108 1627 1157 vigens
1656 1118 1766 1151 vere,

425 1185 591 1214 aestate.

528 1272 593 1310 50.
641 1273 680 1310 S.
722 1272 1011 1324 spiculosa.

424 1347 595 1398 Lignum
634 1349 899 1385 circumcirca
937 1348 1075 1386 colore
1110 1358 1247 1386 exacte
1275 1358 1551 1387 ati-amentoso
1582 1352 1766 1388 tinctum.

427 1420 676 1473 Sphaerulae
703 1421 858 1467 laeves,
900 1431 1006 1460 totae
1042 1425 1281 1469 immersae,
1328 1425 1389 1460 vix
1418 1422 1528 1460 collis
1556 1427 1770 1475 prominu-

424 1495 494 1533 lis:
537 1495 680 1532 ostiola
719 1499 973 1542 tenuissima,
1016 1498 1119 1535 locis
1155 1497 1275 1535 nudis
1305 1497 1616 1548 (decorticatis)
1644 1501 1770 1536 verti-

427 1570 548 1616 calia,
590 1580 727 1616 recta,
769 1573 931 1617 teretia,
972 1584 994 1608 2
1023 1570 1109 1609 fere
1146 1571 1269 1610 lineas
1307 1572 1452 1623 longa;
1492 1593 1545 1600 —
1583 1582 1624 1609 at
1651 1571 1721 1609 ubi
1749 1586 1770 1608 a

428 1647 583 1681 cortice
614 1644 773 1692 (soluto
807 1645 967 1696 quiden]
985 1675 993 1691 ⁷
1034 1655 1211 1682 attamen
1237 1648 1357 1684 ramis
1388 1649 1604 1683 etiamnum
1633 1646 1771 1684 inhae-

424 1719 567 1768 rente)
612 1718 807 1769 impedita
846 1721 950 1755 inter
977 1718 1086 1757 hunc
1115 1719 1346 1771 lignumque
1374 1719 1649 1766 decumbunt,
1692 1719 1770 1758 fle-

426 1805 574 1839 xuosa,
607 1792 719 1828 nodis
748 1807 823 1844 per
851 1792 1054 1830 intervalla
1082 1795 1334 1831 interstincta
1351 1823 1359 1838 ,
1392 1793 1440 1830 ad
1470 1796 1652 1831 eximiam
1680 1794 1770 1831 lon-

426 1867 649 1918 gitudinem
679 1867 991 1916 (semuncialem
1019 1870 1060 1903 in
1086 1866 1339 1918 nonnullisl)
1370 1868 1573 1918 producta
1603 1881 1771 1906 cernun-

427 1951 505 1978 tur.
550 1941 625 1978 His
648 1944 812 1980 nonnisi
843 1945 1036 1993 temporis
1067 1955 1318 1987 successum,
1351 1942 1564 1992 sphaerulfi
1596 1942 1769 1980 subinde

426 2014 571 2066 pluviis
611 2016 800 2061 excitata,
850 2018 1068 2067 vigoreque
1122 2025 1550 2069 reassuintoyiovum
1601 2016 1772 2068 gelatinfi

429 2089 622 2139 propulsa
651 2089 927 2127 internodium
965 2089 1231 2135 efformante,
1273 2089 1527 2138 (internodia
1555 2093 1662 2127 enim
1691 2103 1769 2127 no-

427 2163 548 2214 dique
589 2173 822 2201 constanter
865 2164 1060 2214 adsunt),
1110 2174 1369 2216 augmentum
1406 2164 1502 2201 illud
1541 2167 1770 2215 giganteum

428 2236 616 2283 dedisse,
668 2251 734 2276 res
771 2241 861 2289 ipsa
901 2237 1051 2277 docere
1088 2238 1259 2276 videtur.
1334 2239 1541 2276 Sententia
1580 2241 1770 2276 nimirum

432 2310 621 2347 'sodeana
661 2311 746 2360 (ΙΙ,
778 2325 821 2362 p.
845 2313 922 2363 7),
966 2311 1110 2350 ostiola
1144 2313 1514 2350 Macrostomaruin
1541 2325 1653 2350 mera
1679 2326 1770 2350 mu-

429 2385 606 2436 cilaginis
645 2387 687 2422 in
722 2389 816 2437 ipso
863 2386 1031 2437 expulsu
1081 2386 1289 2424 induratae
1338 2400 1428 2424 esse
1466 2385 1681 2438 figmenta,
1728 2389 1770 2423 in

427 2460 587 2505 multis,
641 2443 795 2498 etiamsi
834 2474 921 2498 non
948 2463 990 2497 in
1018 2461 1203 2499 omnibus
1222 2491 1230 2506 ‚
1280 2460 1498 2511 speciebus
1526 2460 1578 2497 ad
1604 2469 1769 2497 naturae

427 2537 634 2571 veritatem
665 2537 847 2585 proxime
877 2535 1051 2574 accedit.
1117 2536 1209 2572 Una
1247 2545 1400 2572 tantum
1429 2537 1542 2580 vice,
1585 2533 1660 2572 sed
1686 2532 1768 2571 fre-

429 2620 580 2658 quens,
626 2619 789 2658 reperta
825 2611 867 2646 in
901 2612 1022 2647 ramis
1069 2612 1261 2648 emortuis
1308 2606 1497 2646 sambuci
1544 2620 1770 2644 racemosae

431 2681 443 2696 '
455 2681 662 2719 Moholzer
690 2682 848 2733 Haide)
877 2684 1015 2722 Junio.
