1928 3051
422 185 496 232 :zi-'⁹

422 301 657 353 frequentes
687 303 726 337 in
755 298 990 350 regionibus
1019 302 1194 347 nostris,
1225 313 1341 352 quam
1359 301 1476 346 alibi,
1508 315 1600 342 esse
1619 304 1760 343 viden-

424 385 508 421 tur;
542 373 576 420 ὁ,
608 375 716 425 pileo
746 374 984 425 plerumque
1014 388 1134 411 aeneo
1165 378 1359 414 occurrit.
1405 376 1570 416 Aestate
1591 388 1762 417 exeunte

424 460 463 488 et
491 458 697 486 autumno.

526 536 616 573 712.
663 523 707 559 B.
744 523 783 559 S.
824 524 1121 573 piperatas.

423 596 529 634 Hal).
573 599 734 647 species
773 595 1077 635 distinctissima
1105 600 1145 634 in
1175 598 1296 650 sylvis
1324 601 1502 638 acerosis
1531 602 1646 639 variis
1675 599 1764 639 ubi—

423 684 524 722 que,
556 684 719 720 sparsa,
749 673 876 708 rarius
905 674 1096 722 gregaria.
1154 673 1338 724 Augusto
1368 682 1408 711 et
1436 686 1552 725 seqq.

527 744 617 795 715.
660 746 705 782 B.
749 747 788 782 S.
829 745 1170 785 reticulatus.
1334 743 1338 746 ¹

787 817 866 867 ββ,
897 820 1027 855 minor

423 895 593 944 Species
639 893 806 931 forsitan
851 893 1063 932 distincta:
1117 904 1293 932 attamen
1345 908 1467 947 quum
1514 891 1760 951 Schaeffem,

424 981 541 1020 quam
572 966 622 1005 de
653 967 699 1004 B.
731 980 804 1005 suo
837 968 1046 1004 reticulato
1076 967 1167 1014 dat,
1206 968 1431 1019 descriptio
1466 968 1588 1021 fungo
1618 979 1762 1008 nostro

422 1044 660 1092 praesertim
693 1041 825 1092 quoad
857 1040 966 1078 cubos
993 1055 1195 1094 porosque
1222 1055 1306 1080 non
1335 1042 1436 1080 male
1456 1043 1676 1095 adaequata
1697 1046 1762 1092 sit,

421 1118 653 1153 varietatem
695 1129 812 1167 quani
852 1118 1032 1166 specIem
1074 1126 1226 1153 temere
1262 1129 1502 1166 proponere
1536 1117 1762 1156 maluimus.

423 1189 554 1226 Pileus
582 1189 832 1240 pulvinatus,
864 1188 888 1226 5
905 1194 997 1239 -4
1025 1203 1115 1227 une.
1145 1189 1407 1240 utplurimum
1434 1189 1561 1238 latus,
1596 1191 1766 1230 sordide

420 1261 574 1310 flavus,
617 1263 834 1315 squainulis
868 1263 1172 1302 obscurioribus
1202 1263 1569 1315 subnigricantibus
1597 1265 1766 1318 adpres-

422 1340 477 1377 sis
505 1337 726 1390 aequaliter
754 1337 990 1390 dispositis,
1023 1337 1179 1375 reticuli
1206 1337 1328 1375 veluti
1355 1340 1539 1389 speciem
1567 1339 1766 1390 praeben-

422 1413 552 1459 tibus,
585 1415 914 1451 constantissime
944 1412 1117 1451 obsitus.
1175 1412 1274 1449 Pori
1302 1412 1558 1459 mediocres,
1589 1416 1766 1452 acutius-

422 1487 523 1534 culi‚
566 1487 820 1538 inaequales:
863 1487 925 1525 his
960 1489 1180 1538 inspectis,
1218 1485 1364 1537 fungus
1392 1500 1415 1524 a
1441 1487 1606 1538 reliquis
1636 1489 1767 1524 omni-

421 1561 497 1600 bus
527 1560 641 1599 facile
671 1570 842 1612 tutoque
872 1561 1140 1613 dignoscitur.
1200 1560 1332 1612 Stipes
1359 1560 1605 1608 mediocris,
1638 1562 1764 1614 cylin—

423 1635 585 1681 dricus,
626 1649 767 1686 parum
800 1649 985 1682 crassus,
1026 1635 1133 1686 pileo
1171 1635 1395 1681 concolor,
1434 1637 1542 1673 intus
1582 1635 1762 1674 dilutior.

427 1709 533 1748 Caro
563 1723 673 1747 nunc
702 1709 964 1755 inmutabilis,
1000 1723 1111 1747 nunc
1138 1709 1190 1751 ad
1217 1708 1432 1747 fracturam
1463 1709 1763 1749 coerulescens.

423 1784 733 1836 Vulgatissiuius
761 1786 803 1820 in
831 1786 995 1834 pinetis.
1054 1785 1132 1822 Per
1162 1793 1294 1821 totum
1322 1793 1572 1821 autumnum.

528 1863 617 1910 714.
665 1858 708 1894 Β.
747 1859 786 1895 S.
828 1856 1039 1895 felleus.

426 1933 559 1970 Pilcus
586 1935 627 1968 in
654 1934 806 1970 nostris
836 1946 858 1969 e
888 1932 992 1983 gilvo
1031 1931 1154 1969 dilute
1182 1929 1418 1982 fuligineus:
1460 1932 1579 1982 stipes
1610 1945 1765 1970 conco-

423 2007 508 2054 lor,
540 2020 649 2043 nunc
679 2005 929 2051 distinctius,
960 2019 1070 2043 nunc
1099 2005 1323 2043 obsoletius
1352 2005 1600 2043 reticulatus.
1657 2004 1764 2042 Caro

422 2081 530 2127 laxa,
582 2083 826 2132 spongiam,
878 2079 1131 2117 uiolliuscula
1171 2079 1239 2128 (id
1278 2079 1355 2117 sibi
1391 2080 1569 2117 voluisse
1607 2079 1767 2117 videtur

423 2154 464 2193 b.
497 2153 706 2199 Rulliani,
737 2154 833 2191 dum
863 2165 1015 2190 tenuem
1045 2153 1192 2203 dixit),
1223 2153 1334 2199 alba,
1378 2153 1451 2191 sed
1478 2153 1527 2191 ad
1555 2163 1766 2204 rupturam

423 2229 530 2266 illico
560 2231 873 2274 inmrnascens3
903 2238 1060 2279 gustata
1088 2230 1221 2279 primo
1253 2227 1483 2273 subdulcis,
1521 2237 1560 2265 at
1578 2241 1674 2265 mox
1701 2228 1768 2276 (et

424 2316 546 2355 saepe
575 2303 738 2355 quidem
760 2303 942 2353 intense)
969 2316 1117 2340 amara.
1173 2300 1273 2338 'subi
1293 2304 1440 2339 carnei.
1489 2301 1624 2339 Pulvis
1649 2283 1767 2339 seini-

423 2377 522 2415 nalis
552 2380 774 2428 copiosus,
814 2390 836 2414 e
870 2389 994 2414 roseo
1032 2376 1169 2414 ruber.
1227 2377 1407 2414 Praecox
1439 2379 1587 2414 crescit
1616 2378 1657 2412 in
1685 2376 1766 2428 syl-

424 2455 563 2490 vatIcis
591 2454 772 2490 acetosis
801 2447 1053 2506 (Quizdorf,·
1085 2449 1292 2488 Mokolzer
1322 2449 1455 2487 Haide
1478 2453 1653 2501 passim;
1685 2450 1765 2486 Eu·

425 2525 619 2577 ιέιιιυαίᾱ)
650 2527 835 2564 solitaria.
892 2526 1025 2571 Julio,
1055 2526 1267 2577 Augusto,
1298 2527 1432 2576 primo
1461 2523 1703 2575 Septembri.

527 2602 615 2651 715.
660 2602 705 2639 B.
748 2602 790 2639 S.
829 2600 1023 2638 edulis.

791 2690 831 2720 α,
863 2689 1013 2713 commu
1021 2676 1077 2711 ’tis
