1928 3051
386 185 435 223 '³6

385 213 408 223 a.

385 305 494 343 rulac
534 304 815 357 priinordiales
851 303 1022 351 rubrae,
1073 305 1240 352 molles,
1290 306 1581 345 laeviusculae:
1633 308 1730 346 dein

383 379 545 418 fuscae:
578 379 740 416 demum
771 381 906 429 nigrae
935 378 1050 415 valde
1079 392 1275 431 rugosae,
1306 383 1388 418 imo
1420 380 1725 420 tuberculosae:

384 457 563 492 omnium
593 462 769 490 aetatum
799 451 980 503 exempla
1012 455 1052 488 in
1082 466 1164 491 uno
1195 453 1425 506 eodemque
1453 454 1607 492 ramulo
1638 455 1728 506 jun-

384 531 478 566 ctim
521 538 708 577 tompore
743 526 895 564 vernali
936 526 1143 564 observari
1183 538 1369 579 possunt.
1447 528 1496 566 In
1531 528 1728 580 perfectis

381 612 545 653 praeter
574 613 696 651 rugas
725 600 958 652 superficiei
996 615 1237 640 communes
1277 605 1380 639 rima
1409 616 1487 640 una
1513 603 1576 641 vel
1604 604 1727 641 altera

382 675 657 714 transversalis
686 673 954 726 profundior,
1000 689 1117 727 quam
1146 676 1359 716 dehiscere
1387 677 1489 715 velle
1519 677 1634 716 facile
1663 677 1726 729 ju-
1772 676 1777 681 ’

379 751 602 796 (licaveris,
635 749 742 788 haud
770 763 861 787 raro
890 750 1028 788 adest:
1060 764 1199 788 verum
1228 755 1405 790 examina
1427 764 1724 803 saepenumero

377 828 551 877 repetita
611 824 868 876 sphaerulam
921 835 1103 876 apertam
1159 839 1378 879 numquam
1427 837 1721 865 monstravere.

378 900 426 938 In
454 900 562 952 ligno
593 897 821 936 Bet-heridis
850 898 1031 950 vulgaris
1056 910 1244 938 emortuo
1268 904 1330 939 vix
1352 915 1541 954 umquam
1562 902 1722 940 absens.

378 976 590 1013 Perennis.

454 1063 519 1100 79.
567 1051 606 1086 S.
651 1048 941 1099 cupularis.

376 1122 611 1160 Admodum
661 1126 786 1160 variat
835 1123 1111 1175 magnitudine
1159 1123 1487 1174 sphaerularum,
1539 1134 1720 1163 ceterum

377 1207 612 1237 constanter
639 1207 906 1235 astomarum:
949 1211 1051 1249 quae
1088 1197 1343 1235 humectatae
1380 1198 1550 1235 formam
1580 1199 1722 1250 globo-

375 1286 484 1318 sam,
532 1281 638 1310 statu
678 1271 893 1323 decrepito
924 1282 1118 1323 excepto,
1157 1282 1417 1323 recuperant.
1483 1272 1531 1310 In
1558 1273 1719 1312 ramulis

373 1347 565 1386 arborum
592 1346 883 1384 frondosarum
913 1349 1031 1384 variis
1059 1360 1097 1384 v.
1131 1359 1168 1384 c.
1202 1347 1347 1399 Populi
1384 1348 1548 1398 nigrae,
1592 1347 1721 1401 Cytisi

374 1421 580 1467 Laburni,
613 1419 803 1460 Sambuci
833 1422 977 1472 nigrae
1005 1430 1085 1459 etc.
1117 1420 1214 1459 hinc
1242 1421 1352 1460 inde.
1395 1423 1579 1474 Hyeme,
1610 1436 1717 1462 vere.

476 1495 540 1536 80.
588 1498 627 1534 S.
669 1495 1032 1534 Cucurbitula.
1151 1491 1160 1493 ⁴

372 1572 550 1623 Propior
577 1571 679 1609 haec
709 1570 751 1608 S.
784 1572 1012 1616 coccineae,
1053 1584 1170 1623 quam
1202 1570 1385 1622 capulari
1415 1584 1506 1610 esse
1534 1572 1715 1610 videtur:

369 1659 448 1684 nos
479 1654 612 1691 certe,
645 1645 714 1682 ubi
743 1645 980 1697 sphaerulae
1010 1645 1212 1696 collapsae
1240 1647 1281 1682 in
1309 1644 1476 1684 formam
1506 1650 1717 1698 pristinam

370 1719 604 1759 subovatam
633 1721 735 1772 aqua
765 1718 942 1758 resectae
968 1729 1294 1765 assurrexerant,
1335 1721 1517 1758 ostiolum
1546 1724 1588 1758 in
1610 1721 1718 1759 haud

369 1798 510 1846 paucis
539 1797 853 1833 minutissimum
883 1794 1070 1847 quidem,
1102 1803 1142 1831 at
1171 1794 1427 1840 distinctum,
1459 1795 1717 1846 papillaefor-

368 1884 433 1907 me
462 1869 650 1908 vidimus.
713 1868 865 1907 Differt
904 1879 1037 1906 tamen
1067 1867 1290 1906 substanti&
1319 1873 1558 1920 praesertim
1587 1870 1715 1908 multo

366 1944 550 1982 molliOre
589 1958 636 1981 ac
675 1947 907 1981 tenaciore:
948 1944 1055 1981 unde
1086 1942 1155 1987 iit,
1195 1954 1240 1981 ut
1268 1943 1531 1995 sphaerulae,
1574 1947 1615 1981 in
1646 1944 1715 1982 illa

366 2019 429 2056 vel
460 2019 591 2056 forma
622 2020 863 2057 conservata
893 2018 1089 2055 deciduae
1118 2017 1180 2055 vel
1217 2018 1406 2057 diffracto
1426 2041 1450 2069 ².
1462 2019 1641 2066 lacerae,
1673 2022 1715 2057 in

367 2092 440 2129 hac
490 2096 531 2130 in
577 2093 747 2148 figuram
795 2092 1070 2144 pezizoideam
1117 2092 1323 2144 collapsae
1370 2093 1437 2130 diu
1474 2096 1711 2144 persistant.

368 2167 523 2205 Colore
560 2170 684 2206 variat
719 2181 815 2205 mox
851 2167 999 2212 rubro,
1041 2180 1135 2204 mox
1172 2167 1376 2219 eleganter
1412 2171 1606 2206 aurantio.
1665 2168 1714 2207 In

365 2242 528 2280 ramulis
548 2241 754 2281 frondosis
775 2244 920 2280 rarior:
945 2240 1124 2293 praefert
1145 2245 1251 2279 enim
1274 2244 1440 2279 cortices
1461 2244 1598 2295 pineos
1612 2241 1713 2280 abie-

368 2317 568 2371 tinosque,
600 2319 639 2354 in
670 2317 815 2370 quibus
845 2319 940 2355 satis
969 2315 1162 2369 frequens
1189 2317 1422 2370 hospitatur
1449 2318 1572 2356 Mart..
1604 2318 1707 2370 Apr.
