1928 3051
394 147 442 182 ὃὸ

393 266 640 315 conspicuus
677 263 722 299 iit
752 261 1055 312 longitudinali,
1096 273 1198 312 quae
1237 263 1449 313 ingruente.
1479 260 1730 300 fructescen-

394 341 468 376 tiae
500 348 686 388 tempore
714 338 755 372 iu
784 348 824 370 os
853 334 930 372 late
968 334 1189 384 ellipticuiu
1226 335 1289 372 vel
1325 334 1628 374 suborbiculare
1658 335 1732 374 de-

396 412 513 449 hiscit
553 409 711 460 duplcx.
792 407 991 446 Corticcm
1040 411 1147 445 enim
1197 406 1392 460 duplicem
1429 409 1533 447 haec
1571 412 1732 461 species

398 488 551 536 privum
582 482 658 521 sibi
686 481 828 528 habet,
864 495 886 519 a
915 481 1035 520 nobis
1065 482 1204 520 saltem
1232 485 1275 520 in
1302 482 1407 520 nulla
1435 483 1507 520 alia
1535 483 1733 522 hactenus

394 557 678 602 observatum3
737 558 974 593 exteriorem
1022 558 1220 594 nitentem
1266 559 1447 608 nigrum,
1505 558 1732 595 interiorem

397 631 605 670 sordidum
646 630 877 668 dilatiorem
914 628 1445 682 fuligineo-nigricantem:
1490 631 1623 678 unde,
1665 631 1732 670 illo

395 705 529 757 paullo
560 705 674 743 latius
705 718 823 757 quam
854 705 935 741 hoc
965 707 1230 743 concentrice
1259 705 1418 752 hiante,
1460 705 1562 743 labia
1591 705 1734 744 orificii

397 782 583 831 utrinque
612 779 816 830 duplicata
843 778 1068 816 luculenter
1106 789 1341 817 cernuntur.
1408 779 1522 818 Intus
1554 780 1736 831 exempla

395 853 467 891 alia
497 852 716 891 substantia
746 853 815 891 su&
846 853 958 890 molli
986 854 1082 890 notit
1110 853 1240 891 albida
1271 854 1516 906 semiplena,
1552 854 1623 892 alia
1651 854 1735 892 fru-

398 927 644 965 ctificatione
673 928 838 978 peracta
867 930 996 965 inania
1024 931 1264 979 reperimus.
1305 929 1535 979 Speciuiina
1556 932 1735 967 omnium

396 1011 570 1039 aetatum
601 1001 708 1039 haud
747 1001 1017 1054 infrequentia
1045 1005 1086 1039 in
1115 1001 1220 1040 foliis
1250 992 1435 1041 deciduis
1464 1003 1641 1041 obtectis
1669 1015 1737 1040 ve-

400 1079 515 1114 tustis
562 1075 749 1126 putribus
798 1075 901 1112 Lede
943 1076 1135 1129 palustris
1184 1071 1320 1132 (faule
1370 1076 1574 1128 Bracken)
1612 1076 1738 1116 semel

399 1149 516 1187 lecta.
575 1149 756 1187 Exeunte
785 1149 910 1186 Maio.

507 1222 593 1261 168.
642 1223 695 1262 H.
731 1225 976 1275 pinastri.

739 1312 780 1343 α,
810 1311 993 1350 sparsum

738 1370 784 1419 β,
815 1372 1028 1409 limitatum

402 1448 589 1498 Species,
622 1448 655 1484 si
684 1459 785 1498 quae
814 1446 909 1492 alia,
949 1455 1060 1484 certa
1088 1447 1248 1497 generis
1277 1446 1397 1491 civis,
1428 1445 1645 1496 perithecio
1673 1460 1737 1483 ve-

401 1522 554 1558 rissimo
582 1523 803 1566 instructa,
851 1520 965 1572 quod
1002 1520 1179 1560 clausum
1196 1549 1206 1566 ,
1249 1519 1344 1557 dein
1370 1521 1469 1556 rima
1498 1520 1568 1558 sua
1596 1530 1739 1571 pertu-

400 1608 514 1641 sum,
553 1605 700 1646 postea
728 1607 798 1632 ore
827 1594 909 1632 lato
938 1594 1178 1640 dehiscens,
1219 1594 1381 1632 demum
1411 1603 1542 1632 totuin
1573 1607 1741 1633 evacua-

402 1679 486 1707 tum
520 1690 574 1698 -
609 1671 837 1707 sexcenties
874 1668 1192 1707 observavimus.
1267 1667 1316 1705 In
1352 1681 1432 1720 quo
1461 1681 1584 1719 saepe
1613 1681 1742 1719 pecu-

401 1743 485 1782 liari
513 1756 608 1781 sane
636 1746 794 1781 ratione
824 1741 979 1779 nucleus
1008 1742 1174 1791 (solitae
1204 1751 1386 1780 ceterum
1413 1745 1594 1783 materiei
1623 1742 1741 1780 colo-

401 1819 588 1870 risque),
628 1821 666 1856 vi
694 1816 800 1855 vitali
828 1816 1100 1868 praecellente
1130 1826 1317 1868 turgens,
1356 1829 1442 1854 non
1470 1816 1602 1855 solum
1632 1815 1742 1854 labia

401 1892 667 1931 disturbando
694 1891 843 1928 discum
871 1890 949 1929 sibi
969 1887 1296 1947 fructificantem
1324 1890 1616 1941 amplissimum
1642 1904 1742 1942 ape-

401 1969 475 2013 rit,
506 1981 645 2006 verum
675 1976 716 2004 et
745 1964 857 2002 basin
885 1965 1063 2018 undique
1083 1965 1377 2016 regularissime
1401 1965 1594 2016 scalpello
1619 1965 1743 2003 veluti

401 2051 524 2079 acuto
565 2039 914 2079 circulnscindens
952 2050 1062 2078 totus
1100 2039 1263 2078 tandem
1302 2039 1530 2078 denudatus
1557 2049 1718 2091 prostat
1732 2040 1749 2077 :⁴

402 2115 675 2166 perithecium
703 2118 889 2152 nimirum
910 2113 1157 2151 dimidiatum
1175 2143 1184 2160 ,
1215 2123 1433 2165 postquam
1454 2113 1537 2152 laxe
1554 2114 1744 2166 aliquam-

404 2189 471 2227 diu
501 2188 665 2241 Fungillo
693 2188 903 2235 incubuit,
943 2201 1110 2239 prorsus
1138 2187 1216 2239 jam
1245 2188 1423 2226 solutum
1451 2201 1498 2225 ac
1525 2188 1746 2226 deciduum

404 2263 579 2316 elytrum
617 2264 823 2316 quoddam
859 2265 1005 2301 insecti
1043 2262 1270 2314 coleopteri
1305 2265 1448 2299 minuti
1474 2265 1575 2314 nigri
1605 2261 1742 2301 solita-

403 2342 507 2376 rium
545 2342 736 2377 amissum
773 2338 868 2376 hinc
904 2337 1012 2375 illinc
1049 2336 1156 2376 haud
1195 2339 1333 2388 inepte
1362 2339 1551 2374 imitatur.
1580 2356 1633 2364 —
1661 2337 1744 2374 Va-

404 2415 481 2451 rIat
508 2414 684 2458 staturti;
727 2416 846 2451 etiam
874 2411 1003 2449 forma
1030 2412 1093 2449 vel
1122 2421 1259 2450 exacte
1289 2411 1488 2462 elliptica,
1527 2410 1592 2448 vel
1619 2412 1744 2462 magis

408 2487 582 2538 oblonga
609 2490 797 2539 utrinque
826 2486 1088 2524 acutiuscula.
1145 2485 1502 2523 Abundantissima
1528 2497 1611 2522 var.
1635 2494 1744 2522 utra-

407 2575 485 2613 que
514 2563 555 2599 in
583 2561 735 2599 acubus
766 2562 956 2599 Pinorum
983 2583 1036 2591 --
1060 2558 1239 2604 Abictis,
1269 2559 1337 2596 ubi
1362 2558 1491 2610 major
1511 2569 1574 2597 est
1594 2569 1633 2597 et
1652 2572 1746 2610 per-

408 2634 577 2673 fectior.
610 2635 835 2686 sylvestris..
867 2634 1017 2673 δτι-οἷά.
1078 2635 1294 2673 Perennis:
1332 2635 1441 2684 viget
1467 2647 1562 2672 vere
1591 2633 1742 2685 pluvio.
