1928 3051
218 1992 376 2022 Tab.V11

257 2055 280 2085 f.
307 2066 333 2085 1.

393 172 444 211 86

393 294 562 343 paginae
591 291 773 328 interiori
802 288 981 341 undique
1008 288 1176 333 adnata,
1212 288 1399 340 parvula,
1440 291 1596 335 tenuia,
1637 289 1734 327 sub·-

394 378 571 409 ramosa‚
605 367 698 402 satis
727 363 855 400 dense
885 371 1092 413 congesta.
1165 363 1213 400 In
1240 363 1356 415 lignis
1384 362 1557 415 putridis
1586 361 1735 414 ubique

394 438 568 476 abunde.
626 437 793 476 Aestate
823 446 865 475 et
894 446 1105 475 autumno.

826 575 886 615 19.
944 562 975 599 F
1003 561 1043 599 U
1071 563 1104 599 L
1132 561 1151 599 I
1181 561 1220 599 G
1251 563 1304 601 O.

500 658 591 698 236.
638 659 684 697 F.
716 657 838 696 rufa.

396 734 543 771 Rarior
570 736 611 770 in
638 733 873 786 regionibus
902 734 1075 771 nostris:
1115 735 1157 770 in
1194 733 1316 785 sylvis
1353 734 1591 783 praesertim
1622 732 1736 769 Fron-

396 808 509 847 dosis
548 811 718 847 remotis
755 807 1086 846 meridionalibus
1125 817 1294 846 truncos
1325 806 1526 846 betulinos
1554 806 1737 857 aliosque

396 885 544 934 passim
575 881 773 921 incolens.
831 883 942 932 Sept.
974 882 1069 920 Oct.

502 955 591 1007 237.
638 957 681 994 F.
719 956 965 994 violacea.

397 1030 597 1069 Caudices
634 1031 736 1069 haec
773 1039 978 1082 praeamat
1016 1028 1232 1074 abietinas,
1271 1029 1321 1066 acl
1351 1042 1454 1080 quos
1483 1030 1647 1066 minime
1675 1029 1738 1064 in-

397 1105 588 1156 frequens
617 1107 808 1142 occurrit.
864 1104 1012 1140 Forma
1043 1103 1317 1141 subi-otunda:
1350 1103 1545 1140 diameter
1566 1102 1617 1140 ab
1646 1115 1661 1139 1
1687 1099 1739 1139 ad

396 1184 421 1229 4
442 1182 579 1217 uncias
609 1181 746 1216 variat.
804 1178 1039 1226 Autumno,
1071 1179 1112 1215 in
1139 1177 1328 1229 hyemem
1356 1189 1501 1228 usque.

502 1251 592 1291 258.
639 1253 686 1291 F.
725 1251 874 1290 flava.

761 1341 803 1372 α,
826 1321 948 1382 flava

402 1402 551 1441 Cortex
596 1404 637 1439 in
680 1401 757 1439 hac
795 1414 959 1452 quoque
996 1400 1106 1438 haud
1139 1413 1231 1439 raro
1268 1402 1487 1440 evanescit.
1550 1398 1740 1451 Vulgaris

398 1476 573 1529 ubique:
605 1486 781 1522 aestate,
811 1485 1021 1515 autumnO.
1605 1460 1613 1465 “

506 1550 591 1603 259.
635 1552 682 1588 F.
720 1553 1020 1601 vaporaria.

399 1627 552 1676 Saepe,
599 1638 621 1662 a
650 1625 736 1663 sole
773 1627 1013 1676 praesertim
1052 1623 1161 1675 justo
1200 1626 1317 1663 citius
1357 1633 1463 1662 tacta
1500 1632 1541 1662 et
1584 1630 1738 1669 exusta,

399 1702 441 1737 in
480 1699 604 1737 bullas
642 1701 768 1737 varias
805 1711 977 1737 corneas
1007 1698 1154 1737 solidas
1183 1698 1352 1749 pulvere
1380 1697 1592 1736 destitutas
1621 1695 1740 1733 indu-

398 1783 506 1819 rata,
546 1773 785 1825 imperfecta
822 1775 1019 1824 persistit.
1088 1772 1264 1810 Abunde
1298 1775 1526 1823 proinergit
1553 1785 1600 1809 ex
1627 1784 1741 1808 acer-

399 1851 458 1887 vis
488 1851 771 1894 coriariorum,
815 1850 1011 1885 corticem
1043 1857 1125 1884 tuin
1163 1846 1310 1884 florere
1351 1845 1440 1895 (die
1470 1845 1580 1883 Lolze
1609 1843 1740 1894 blake)

400 1921 603 1974 ajentium.
661 1923 772 1960 Vere
802 1931 843 1960 et
869 1932 1043 1969 aestate,
1077 1923 1239 1972 parcius
1267 1930 1478 1959 autumno.

505 2002 593 2046 240.
639 1997 685 2034 F.
727 2010 1034 2035 muscorum
1069 2008 1240 2034 Noms.

399 2070 446 2108 F.
476 2070 687 2122 pulvinata
721 2072 921 2121 gregaria
956 2085 1087 2122 parva
1125 2069 1292 2114 oclzrea,
1344 2067 1499 2105 demum
1536 2065 1738 2112 exalbida,

401 2147 549 2182 cortice
577 2144 814 2182 Iass÷i1csc11lo
842 2158 986 2182 venosa
1006 2166 1020 2173 -
1039 2143 1226 2180 noduloso
1266 2143 1488 2179 tenuissimo
1521 2141 1741 2194 semipellu·

401 2230 509 2256 cente
529 2215 786 2275 fragillimo,
825 2219 986 2270 pulvere
1015 2219 1256 2269 nigricante.

400 2293 578 2332 Coi-ticis
606 2293 743 2331 indole
773 2293 874 2332 haec
904 2296 1023 2331 etiam
1052 2295 1236 2343 species,
1268 2304 1398 2343 aeque
1419 2304 1467 2329 ac
1488 2289 1741 2342 praecedens

399 2366 445 2404 F.
489 2363 607 2423 rufa,
655 2367 705 2405 ad
744 2367 1023 2419 Lycogalactis
1060 2379 1186 2418 genus
1232 2365 1508 2417 quadantenus
1554 2364 1739 2403 accedit:

399 2451 677 2479 verumtamen
713 2442 807 2479 huic
846 2451 990 2479 nostro
1030 2441 1084 2478 ob
1122 2440 1314 2478 fabricam
1350 2442 1547 2477 internam
1583 2438 1741 2489 adjudi-

402 2515 530 2553 canda
559 2525 635 2554 est.
705 2516 917 2552 Diametcr
951 2512 1021 2568 3s'}
1057 2515 1272 2552 linearum:
1314 2512 1484 2550 altitudo
1517 2510 1738 2550 bilinea‘ris:

401 2591 626 2639 specimina
660 2593 810 2641 passim
858 2590 949 2627 bina
996 2588 1223 2628 confluunt.
1299 2587 1527 2626 Muscicola
1565 2588 1742 2638 gregaria

401 2665 527 2714 magis
566 2673 627 2702 est
657 2674 698 2701 et
724 2664 975 2716 irregulariS,
1022 2662 1216 2714 exemplis
1256 2676 1380 2714 saepe
1408 2661 1593 2714 pluribus
1620 2674 1743 2697 mem-
