1928 3051
1435 131 1485 183 67

142 263 270 302 pens,
318 259 536 302 angustus,
585 247 846 294 sublinearis,
897 247 948 285 acl
983 245 1049 301 ΞΜ
1088 247 1210 286 lineas
1247 247 1355 286 haud
1391 263 1482 289 raro

143 324 368 377 elongatus.
427 326 659 375 Specimina
687 322 836 361 effoeta
863 322 1010 359 nucleo
1044 325 1208 373 penitus
1237 326 1385 361 amisso
1415 337 1483 363 va-

143 388 241 445 cua,
296 402 500 450 patentia,
560 398 792 451 cymbarum
851 397 1080 448 longiorum
1125 400 1484 450 angustiorumque

141 473 345 512 adinstar
381 472 620 525 aliquamdiu
665 475 903 523 persistunt.
977 471 1025 508 In
1064 456 1243 510 caulibus
1280 475 1484 525 ramisque

142 551 261 586 siccis
291 547 395 585 Ledi
422 547 612 599 palustris
642 549 807 597 passim.
866 546 1015 597 Aprili,
1047 546 1176 584 Maio.

251 621 335 660 165.
383 623 437 659 H.
476 623 733 671 crispum.

141 694 314 731 Statura
349 693 569 732 admodum
606 696 742 732 variat.
820 693 868 730 In
914 693 1023 743 ligno
1062 695 1180 729 etiam
1225 694 1479 734 decorticato

138 768 422 819 nudiusculum
458 768 662 805 interdum
694 777 865 819 prostat.
925 768 1119 804 Occurrit
1147 770 1188 804 in
1215 766 1358 805 Abiere
1386 769 1480 807 hinc

137 842 255 888 inde,
288 842 360 880 sed
389 856 531 893 parum
563 841 770 894 frequens.
829 842 964 887 Vere,
995 850 1162 879 aestate.

246 916 332 954 166.
379 917 432 954 H.
475 919 806 967 conigenum.

503 1006 543 1035 α,
576 992 764 1027 rimosum

501 1063 579 1114 ββ,
612 1064 841 1102 ostiolatum

137 1139 395 1178 primordiale
437 1150 567 1178 totum
612 1139 760 1185 molle,
811 1142 1039 1176 virescente
1067 1161 1084 1167 -
1114 1137 1360 1189 fuligineum.
1430 1141 1477 1178 In

134 1214 271 1251 adulto
310 1214 486 1252 nucleum
524 1214 738 1266 quemdam
781 1213 912 1250 album
941 1212 1233 1251 firmiusculum
1262 1215 1387 1252 semel
1415 1216 1478 1253 vel

134 1287 196 1326 bis
226 1288 539 1340 deprehendere
569 1290 748 1340 contigit.
802 1288 945 1326 Junius
972 1287 1212 1339 plerumque
1231 1288 1323 1339 plus
1344 1291 1476 1328 minus

135 1372 297 1400 ovatum
327 1372 411 1410 est,
452 1373 593 1402 centro
623 1376 746 1414 saepe
776 1361 1120 1413 subdepressuni,
1162 1362 1258 1400 dein
1285 1366 1327 1399 in
1355 1367 1477 1402 striae

131 1436 299 1475 formam
338 1437 462 1489 magis
500 1438 734 1490 elongatur,
784 1439 1034 1488 rimamque,
1086 1436 1157 1475 sed
1206 1439 1334 1475 rarius
1379 1440 1475 1477 satis

131 1512 384 1557 distinctam,
428 1514 613 1563 acquirit.
678 1512 754 1550 Est
793 1521 975 1549 ceterum
1007 1525 1028 1548 e
1058 1514 1225 1548 maxime
1260 1512 1473 1563 polymor-

129 1585 244 1637 phis:
285 1600 331 1623 ex
358 1589 581 1624 innumeris
609 1586 716 1632 fere,
760 1585 905 1637 quibus
934 1585 1058 1631 ludit,
1100 1585 1358 1625 varietatibus
1388 1590 1475 1624 uni-

130 1674 216 1698 cam
258 1660 333 1699 sub
370 1659 449 1708 ββ,
487 1662 678 1712 insignire
716 1673 869 1711 operae
897 1662 1075 1710 pretium
1104 1659 1310 1707 duximus,
1360 1661 1474 1698 orbi-

129 1735 328 1782 cularem,
369 1735 685 1785 planiusculam,
724 1745 812 1772 atro
832 1737 1089 1781 —nitentenh
1137 1734 1277 1771 ostiolo
1308 1736 1474 1773 centrali

127 1809 296 1860 parvulo
341 1808 594 1856 subconico,
646 1812 779 1861 spurio
817 1809 965 1861 procul
1002 1809 1127 1847 dubio
1170 1810 1325 1859 (totum
1365 1813 1471 1848 enim

129 1883 307 1921 clausum
338 1894 446 1930 erat,
490 1898 568 1923 nec
597 1885 792 1936 gelatinae
821 1887 988 1936 vestigia
1016 1884 1094 1922 ulla
1123 1884 1382 1935 exstabant),
1415 1888 1473 1922 in-

127 1967 347 2005 structam;
396 1962 449 1997 ita
478 1958 530 1997 de
568 1960 726 2011 reliquo
758 1962 798 1996 in
826 1973 906 1996 var.
943 1959 1147 2010 vulgarem
1176 1969 1469 2003 transeuntem,

126 2042 169 2069 ut
206 2032 353 2071 limites
395 2036 496 2071 certi
540 2037 727 2085 nuspiam
771 2036 940 2071 inveniri
982 2044 1171 2084 possent.
1211 2056 1264 2063 --
1303 2036 1472 2086 Species

126 2106 221 2144 loco
251 2121 324 2145 suo
353 2108 635 2160 vulgatissima.
694 2109 902 2146 Perennis.

236 2180 321 2232 167.
370 2183 423 2219 H.
467 2182 855 2233 sphaerioides
893 2195 1068 2221 NOBIS.

129 2254 179 2292 H.
210 2268 389 2306 sparsum
420 2255 565 2292 nudum
595 2256 948 2307 hemisplmericzim
978 2255 1146 2294 nitidum
1179 2257 1373 2307 nigrum,
1402 2271 1470 2294 ore

128 2329 276 2380 duplici
306 2328 460 2366 demum
490 2330 624 2367 hiante
652 2330 732 2367 late
761 2331 946 2382 ellipsico.

205 2403 376 2441 Statura
405 2405 593 2455 parvula,
626 2409 832 2456 sequentis
862 2406 946 2443 fere
967 2408 1135 2457 speciei.
1184 2405 1332 2450 Forma
1355 2420 1468 2458 pror-

127 2491 193 2516 sus
231 2479 534 2529 spliaerioidea,
588 2482 715 2518 rarius
756 2480 1194 2531 subhemiellipsoidea.
1263 2482 1469 2532 Fungillus

124 2555 165 2589 in
193 2563 322 2591 aetate
361 2552 529 2591 infantili
570 2564 680 2593 totus
721 2555 879 2593 clausus
918 2558 1052 2593 nitens
1102 2555 1299 2593 maculam
1343 2555 1469 2593 refert

125 2626 368 2667 uniformem
418 2628 732 2668 subrotundam:
781 2632 822 2667 in
857 2628 1124 2669 adultioribus
1171 2630 1275 2667 rima>
1309 2629 1467 2682 jamjam

1389 2721 1415 2759 8

1495 2185 1573 2215 Tab.
1610 2186 1652 2215 Χ.
