1928 3051
394 165 449 205 ο»
942 173 1175 186 --—-—-

501 270 589 321 254.
635 270 679 308 P.
721 269 939 308 bivalve.

396 345 517 383 Ludit
556 344 697 382 colore
736 342 799 381 vel
839 345 1028 388 cinereo,
1067 341 1131 380 vel
1158 339 1323 380 fumoso
1353 355 1375 380 e
1405 354 1507 380 cano
1538 341 1735 380 suboliva-

398 429 537 458 scente.
554 448 562 464 ‚
593 421 716 455 rimae
743 416 991 469 marginibus
1018 415 1131 455 albis.
1188 414 1412 454 variabilis,
1425 429 1555 467 porro
1584 425 1647 454 est
1674 416 1736 454 di-

398 495 651 531 mensionum
689 494 817 529 ratio:
869 490 1080 530 habuimus
1117 504 1158 528 v.
1188 503 1226 529 c.
1264 490 1445 542 exempla
1471 490 1682 537 altissima,
1711 494 1737 540 4

400 566 484 604 fere
513 566 636 604 lineas
664 565 805 617 longa,
845 563 977 602 2-3
1004 565 1102 611 alta,
1143 578 1246 617 quae
1286 563 1416 602 Sterei
1448 563 1614 616 alicujus
1642 577 1737 616 par-

400 641 477 678 xuli
507 643 646 692 specie
675 642 807 691 primo
837 638 983 678 obtutu
1012 638 1133 677 nobis
1162 639 1336 678 illusere.
1394 640 1604 691 Frequens
1631 641 1740 690 viget

402 718 563 766 species
591 717 819 753 excentrica
848 714 950 752 locis
971 716 1212 765 praesertim
1239 713 1473 759 suffocatis,
1504 716 1609 751 intra
1626 725 1737 751 acer·

400 801 471 827 vos
505 803 544 827 v.
577 802 615 827 c.
658 787 958 841 quisquiliarum
998 791 1193 826 variarum
1230 788 1342 826 humi
1378 787 1640 827 collectarum
1669 787 1741 825 de·-

400 875 524 914 gens,
555 872 707 902 aestate.
734 862 914 909 madida,
952 862 1030 900 Jul.
1061 864 1164 915 Aug.

506 937 596 976 255.
642 938 687 976 P.
730 940 1017 975 cinereum.

770 1026 810 1057 a,
839 1009 1044 1062 globosum

765 1084 811 1133 β,
843 1085 1141 1136 complanatum

768 1173 839 1211 “17²⁷
872 1157 1085 1196 obovatum

405 1231 558 1268 Peridii
598 1241 738 1270 cortex
777 1232 971 1284 (duplex,
1013 1243 1058 1271 ut
1094 1231 1254 1271 videtur
1279 1252 1333 1262 --
1364 1242 1523 1270 exterus
1552 1234 1595 1268 in
1622 1243 1742 1283 squa-

401 1305 527 1344 mulas
554 1305 802 1345 Furfuraceas
832 1307 1015 1358 solutus)
1053 1318 1172 1345 tener
1200 1317 1264 1346 est
1291 1320 1338 1346 ac
1366 1307 1602 1359 pellucens:
1647 1305 1744 1343 hinc

401 1381 570 1431 pulvere
619 1384 904 1419 transmicante
951 1385 1137 1421 cinereus
1180 1392 1374 1434 apparet,
1428 1394 1510 1433 quo
1552 1380 1744 1432 disperso

403 1454 586 1493 colorem
614 1458 791 1493 nativum
821 1455 997 1494 albidum
1033 1466 1244 1495 monstrat.
1314 1457 1507 1496 Truncos
1548 1458 1745 1494 cortices-

403 1541 483 1580 que
513 1529 612 1566 colit
640 1544 681 1576 α,
711 1532 895 1581 inprimis
923 1532 1060 1582 pineos
1087 1531 1306 1582 frequens,
1353 1533 1586 1582 caespitosa
1621 1543 1744 1581 saepe

405 1616 452 1641 ac
480 1616 611 1654 paene
640 1603 907 1642 fascicularis:
937 1603 984 1653 β,
1015 1609 1208 1643 rariorem
1236 1607 1464 1643 invenimus
1497 1603 1746 1657 epiphyllam

406 1677 701 1728 (Monplaisir)
730 1688 904 1717 aestate:
944 1692 1016 1731 ’γ’γ,
1046 1681 1087 1716 in
1118 1678 1361 1731 Polym-ichis
1388 1689 1600 1730 pratorum
1629 1678 1745 1730 palu-

406 1751 601 1789 dosoruin
641 1751 874 1801 (Moholzer
914 1752 1071 1804 Haide)
1113 1752 1285 1791 Octobri
1317 1752 1424 1792 lecta
1459 1756 1627 1805 insignis
1660 1761 1748 1792 erat

405 1825 574 1876 peridiis
611 1825 799 1864 obovatis
837 1825 960 1865 dilute
996 1830 1151 1866 incarnis
1189 1830 1231 1864 in
1258 1827 1490 1866 membran&
1522 1828 1748 1866 concolore

405 1899 607 1950 pellucidfi
636 1900 877 1939 densissime
904 1905 1150 1954 aggregatis,
1180 1901 1348 1954 pulvere
1376 1901 1510 1941 fusco.
1553 1917 1595 1950 α,
1627 1915 1748 1954 praet¹

406 1976 547 2011 sertim
574 1974 826 2014 autumnalis.

815 2099 865 2151 b)
922 2099 1344 2156 Stipitata.

513 2194 602 2235 256.
648 2197 693 2236 P.
734 2196 1016 2250 hyalinum.

775 2287 814 2318 α,
845 2270 1021 2310 albidum

772 2345 853 2395 ββ,
883 2346 1142 2401 cltalybacum

414 2417 507 2455 Var.
540 2431 580 2464 α,
612 2419 758 2470 periclii
786 2421 1046 2474 pulverisque
1071 2423 1214 2461 colore
1237 2436 1328 2461 cum
1348 2418 1624 2474 praecedente
1647 2433 1749 2459 con-

409 2493 598 2537 veniens,
628 2491 732 2544 ligna
760 2499 934 2546 passim,
969 2495 1043 2535 scd
1070 2499 1201 2535 minus
1231 2495 1445 2548 frequens,
1476 2496 1619 2534 incolit
1646 2495 1750 2547 hye—

411 2576 476 2601 me
505 2575 545 2601 et
572 2580 681 2606 vere.
737 2567 817 2617 ββ,
850 2569 986 2607 differt
1012 2571 1181 2621 peridiiS
1208 2569 1432 2622 majoribus
1465 2569 1751 2609 coerulescen-

412 2637 542 2684 tibus,
591 2643 725 2681 nitore
773 2643 992 2697 chalybaeo
1037 2647 1200 2696 egregio
1250 2644 1500 2696 splendidis,
1547 2642 1751 2696 stipitibus
