1928 3051
473 229 495 255 b)

499 220 521 267 ..bx

523 216 548 254 C»

1031 238 1263 247 m*-

578 334 668 387 730.
714 335 761 372 B.
802 333 1030 373 lucidus.

474 409 607 460 Stipes
636 407 810 454 validus,
848 406 1279 459 saepe'gibberosus‚
1321 411 1582 461 utplurimum
1624 409 1816 448 horizon-

475 484 584 530 talis,
622 485 786 521 vernice
825 482 974 520 eodem
1013 494 1207 533 prorsus,
1251 496 1332 534 quo
1369 483 1524 534 pileus,
1567 482 1818 522 lucidissimo

474 557 651 610 undique
680 555 919 608 splendens.
979 556 1111 594 Pileus
1138 556 1189 594 ad
1217 557 1456 609 spithamam
1497 557 1583 596 Fere
1616 557 1820 595 interdum

475 632 684 676 dilatatus,
724 630 919 669 robustus
937 660 945 676 ,
985 630 1135 677 durus,
1176 633 1273 668 item
1300 631 1422 670 nodis
1451 644 1575 683 saepe
1605 641 1647 670 et
1672 630 1820 683 gibbo·

474 705 659 745 sitatibus
689 705 809 744 variis
838 705 1016 751 obsitus,
1059 704 1176 744 disco
1218 708 1456 757 praesertim
1497 704 1658 743 demum
1696 705 1820 757 nigri-

475 794 584 819 cans.
645 781 743 817 Pori
772 782 813 817 in
841 779 1134 818 vetustioribus
1163 778 1478 831 subferruginei‚
1511 780 1653 830 pruine
1683 792 1821 831 argen-

476 855 761 894 teo-cinerea
799 857 910 893 tenui
947 854 1127 893 detersili
1163 853 1312 892 vestiti.
1377 854 1617 906 Speciosam
1656 851 1822 905 fnngum

473 929 570 969 hinc
599 930 706 968 illinc
735 912 959 967 invenimus
999 931 1152 967 truncis
1189 927 1385 967 senilibus
1422 931 1603 966 innatum
1637 928 1822 977 (Hor-ker

477 1005 671 1048 Dtimme5
703 1002 928 1042 Sohlandcr
955 1004 1088 1054 Berg5
1119 1003 1294 1053 Dielzsa)
1326 1004 1522 1056 quercinis
1539 1003 1750 1053 &hactenus
1784 1012 1824 1040 et

479 1078 615 1116 alneis.
673 1077 878 1116 Durabilis
907 1088 992 1124 est,
1024 1081 1240 1129 perennis,
1271 1087 1316 1114 ut
1343 1077 1525 1116 videtur:
1560 1091 1581 1114 a
1609 1076 1729 1116 nobis
1756 1090 1824 1115 re-

477 1162 620 1204 pertus
648 1153 797 1198 Junio,
828 1151 934 1189 Julio
952 1181 961 1197 ,
993 1151 1246 1203 Septembri,
1281 1151 1471 1189 Octobri.

583 1225 674 1277 731.
719 1226 768 1264 B.
808 1228 998 1264 varius.

479 1300 688 1339 Solitarius
712 1309 780 1337 aut
802 1302 1077 1351 caespitosus,
1110 1301 1417 1347 tenacissimus,
1448 1299 1637 1338 duritiem
1663 1299 1824 1338 demum

479 1375 650 1428 ligneam
689 1387 919 1413 assumens.
999 1372 1126 1412 Pileus
1163 1372 1444 1413 subrotundus
1481 1375 1544 1412 vel
1583 1375 1827 1428 aliquantum

479 1450 700 1496 obovatus,
749 1462 860 1487 nunc
904 1448 1111 1487 ochi-aceo
1129 1448 1395 1495 -lutescens‚
1444 1462 1554 1488 nunc
1603 1449 1824 1497 exalbidus,

480 1524 784 1576 planiusculus,
825 1523 960 1562 laevis.
1015 1524 1115 1560 Pori
1144 1523 1418 1571 concolores,
1458 1523 1635 1575 parvuli,
1669 1534 1826 1572 tenues,

483 1598 842 1638 subdecurrentes.
903 1597 1036 1650 Stipes
1063 1601 1105 1635 in
1131 1601 1284 1637 nostris
1313 1598 1509 1645 lateralis,
1550 1598 1738 1651 obliquus
1766 1599 1829 1638 vel

481 1673 771 1720 horizontalis,
813 1672 1026 1719 subteres,
1066 1672 1260 1711 deorsum
1295 1673 1470 1725 abrupte
1498 1676 1634 1725 niger,
1678 1686 1772 1711 unc.
1810 1687 1826 1712 1

482 1746 567 1786 Fere
606 1747 778 1800 longus,
817 1752 842 1797 4
875 1747 1001 1785 lineas
1040 1760 1211 1785 crassus.
1282 1747 1513 1799 Aliquoties
1553 1747 1676 1786 nobis
1713 1747 1832 1786 obvia

483 1822 588 1862 facta
617 1822 718 1861 haec
749 1824 910 1873 species
939 1824 979 1860 in
1008 1825 1162 1860 truncis
1193 1821 1361 1859 tiliaceis
1384 1825 1585 1861 semivivis
1607 1821 1829 1873 (Vorwerk)

484 1900 607 1950 inque
633 1896 842 1935 radicibus
881 1897 1052 1949 coryleis
1087 1896 1206 1935 nudis
1235 1896 1287 1934 ad
1313 1899 1416 1934 viam
1446 1910 1579 1935 cavam
1607 1896 1831 1946 (Cumzers-

487 1968 618 2027 dors).
685 1973 881 2011 Perennis
919 1972 1063 2024 procul
1103 1970 1252 2010 dubio:
1300 1971 1421 2010 nobis
1465 1974 1550 2011 visa
1587 1970 1829 2017 Novembri,

486 2046 630 2098 Aprili.
669 2054 682 2057 “

954 2175 999 2225 c)
1053 2171 1360 2226 Apodes.

591 2271 682 2324 752.
728 2270 775 2309 B.
817 2272 1067 2309 citrinus.

491 2345 592 2384 Pilei
621 2359 745 2398 saepe
772 2344 974 2397 grandes,
1018 2345 1281 2397 spithamaei,
1324 2342 1617 2395 semipedales,
1659 2343 1834 2395 longitu-

489 2420 674 2458 dinaliter
700 2421 906 2467 undulati,
942 2423 984 2457 in
1011 2422 1215 2471 caespites
1244 2421 1428 2469 ingentes
1458 2417 1646 2464 collecti,
1679 2431 1701 2455 e
1728 2417 1834 2456 flavo

491 2493 812 2542 subrubicundi,
860 2495 1001 2533 oculos
1043 2497 1199 2532 eminus
1235 2493 1493 2532 attrahentes.
1550 2492 1648 2529 Pori
1675 2495 1832 2539 minuti,

490 2570 852 2621 sulphurascentes
881 2579 948 2607 aut
977 2562 1271 2615 subochracei,
1309 2570 1424 2605 initio
1457 2566 1678 2606 dilutiore-s.
1733 2564 1835 2604 Sul,-

490 2646 639 2681 stantia
667 2644 776 2690 alba,
818 2647 1016 2683 exsiccata
1054 2643 1217 2695 fragilis.
1281 2645 1371 2681 Nos
1400 2645 1583 2694 speciem
1611 2640 1835 2679 formosam

492 2729 726 2758 constanter
749 2719 948 2758 hactenus
972 2720 1252 2773 quercigenam
1273 2717 1486 2757 habuimus
1517 2717 1532 2766 (
1545 2731 1611 2753 am
1637 2713 1837 2766 windigen
