1928 3051
361 187 386 226 8

363 308 609 348 succulenta.
667 310 788 346 Junio
818 321 958 346 mense
987 309 1221 359 sphaerulas
1249 308 1342 348 alias
1370 310 1608 362 mucilagine
1639 324 1702 349 re-

363 383 507 429 fertas,
539 384 631 422 alias
662 386 701 420 in
730 386 822 433 ipso
855 381 1177 421 fructificationis
1207 393 1300 420 actu
1324 382 1489 420 farinam
1507 397 1553 422 ex
1575 386 1702 422 ostio·

362 457 409 496 lis
448 461 530 497 suis
572 456 886 508 protrudentes,
928 456 1022 494 alias
1059 455 1137 508 jam
1176 467 1388 495 evacuatas
1427 457 1702 509 deprehendi·

360 545 464 569 mus.
531 531 663 568 Semel
702 533 864 568 inventa
901 532 1063 582 species
1106 529 1276 581 pulchra
1317 531 1540 577 terrestris,
1596 531 1703 571 foliis

361 607 481 644 siccis
519 605 687 657 aliisque
728 604 950 656 quisquiliis
989 604 1231 656 superfusa:
1291 605 1417 644 semel
1454 604 1620 658 epia-yla
1661 608 1704 643 in

360 680 484 717 Pino:
528 679 600 717 sed
637 692 932 730 saepenumero
969 680 1194 730 parasitica
1230 682 1272 716 in
1307 679 1507 731 hymeniis
1536 679 1703 718 Boleto-

360 768 449 791 rum
478 757 698 806 ingentium
729 763 982 792 vetustorum
1018 754 1078 803 (v.
1105 767 1142 791 e.
1176 754 1222 790 B.
1238 749 1504 808 somenzarii,
1536 754 1703 804 igniarii

361 838 440 866 etc.
458 830 497 879 ),
537 828 587 865 ad
617 828 861 880 spithamam
898 837 939 865 et
966 828 1068 865 ultra
1097 827 1248 874 effusa,
1295 827 1495 879 Sphaeri&
1534 827 1703 877 lagena-

362 904 426 939 rm
453 916 529 954 per
559 915 645 940 eam
673 905 824 954 passim
855 911 1197 942 transcrescente.
1248 902 1439 950 Aestate,
1461 911 1673 940 autumno.

184 989 335 1019 1¹2b.VI.
467 976 530 1014 23.
578 978 617 1015 S.
658 977 857 1015 viridis
894 989 1070 1014 noxus.

218 1042 239 1071 f.
266 1049 295 1077 3·
363 1050 404 1090 S.
423 1052 648 1103 parasitica
668 1052 793 1088 tenuis
814 1048 943 1106 effusa
970 1062 1190 1088 tome-›zcosa
1214 1049 1379 1096 viridis,
1411 1049 1560 1088 ostiolis
1588 1048 1703 1086 dense

349 1127 555 1177 ‘congestis
576 1121 888 1181 fuscescentibus
917 1124 1157 1162 colliculosa.

448 1200 610 1251 Agarici
644 1198 820 1251 majores
860 1199 1043 1237 nonnulli
1081 1200 1144 1248 (et
1172 1200 1413 1250 praeprimis
1443 1198 1628 1250 quidem,
1658 1207 1704 1236 ut

358 1273 542 1320 videtur,
584 1272 809 1327 Lactifluus
836 1274 1046 1325 piper-atus
1070 1272 1368 1325 Omplzaliczque
1399 1271 1566 1324 adusta)
1596 1275 1703 1312 exesi

361 1361 412 1386 ac
441 1348 752 1386 indurascentes
783 1358 967 1386 tomento
1003 1347 1121 1386 viridi
1160 1346 1339 1397 (coloris
1377 1349 1572 1398 ipsissimi
1606 1347 1708 1386 illius

364 1422 530 1461 sordide
550 1423 660 1460 luteo
673 1426 880 1469 -virentis,
914 1435 1034 1474 quem
1052 1425 1094 1459 in
1112 1435 1231 1460 caseo
1250 1421 1531 1470 Helvetorum,
1554 1420 1708 1460 8σῆαό-

362 1498 495 1548 zieger
524 1498 663 1545 dicto,
693 1499 904 1547 novimus)
944 1496 1064 1549 longe
1092 1497 1252 1549 lateque
1290 1496 1432 1535 subtus
1468 1499 1709 1549 praesertim

361 1582 642 1624 occupantur:
686 1572 800 1624 cujus
839 1586 981 1622 margo
1020 1571 1167 1610 sterilis
1207 1580 1269 1610 est
1305 1570 1581 1622 sphaerulisve
1610 1570 1708 1609 soli-

362 1651 474 1686 tariis
503 1658 571 1686 aut
600 1662 736 1687 earum
757 1646 954 1685 acervuliS
977 1645 1201 1697 adspersus
1221 1667 1274 1673 —
1300 1653 1341 1682 at
1362 1655 1539 1682 centrum
1561 1644 1708 1696 sphae-

363 1722 541 1760 rularum
588 1721 966 1767 monosticharum‚
1014 1722 1097 1757 imo
1145 1721 1298 1771 passim
1348 1718 1706 1765 subdisticliarum,

361 1799 505 1835 eximie
536 1795 658 1835 ferax.
718 1794 970 1848 Sphaernlae
997 1803 1109 1832 arcte
1137 1796 1356 1846 gregariae,
1385 1793 1481 1831 hinc
1509 1792 1605 1830 inde
1635 1805 1709 1830 co-

360 1880 597 1917 acervatae,
630 1870 825 1922 globosae
842 1869 905 1907 vel
931 1868 1175 1915 subovatae,
1206 1867 1488 1914 mollissimae,
1519 1866 1706 1918 pallidae,

359 1948 511 1996 partim
556 1948 698 1984 inanes
742 1944 865 1983 nobiS
917 1953 1193 1995 conspectae,
1248 1945 1395 1994 partim
1433 1954 1554 1979 muco
1593 1954 1709 1992 sper-

358 2019 609 2070 matophoro
658 2028 890 2058 scatentes:
949 2031 1070 2070 quem
1114 2015 1257 2053 ostiola
1299 2015 1525 2067 prominula
1563 2014 1709 2054 obtusa

357 2093 527 2132 sordide
563 2092 839 2132 fuscescentia
876 2092 1055 2144 guttulae
1094 2091 1340 2143 gelatinosae
1381 2089 1481 2138 (sed
1510 2099 1609 2141 post
1637 2089 1708 2126 ali-

357 2178 460 2220 quot
499 2167 587 2207 dies
628 2171 851 2206 exsiccatae
892 2170 1014 2219 inque
1051 2166 1220 2203 farinam
1258 2164 1431 2203 albidam
1458 2163 1708 2224 fatiscentis)

355 2246 397 2279 in
436 2242 609 2280 formam
647 2244 824 2294 sparsim
862 2240 1119 2293 promebant.
1182 2239 1237 2277 At
1275 2249 1437 2291 praeter
1474 2238 1708 2290 sphaerulas

356 2316 480 2355 hasce
502 2315 773 2372 superficiales
793 2316 891 2354 aliae
912 2328 1077 2368 quoque
1103 2314 1213 2353 haud
1239 2327 1394 2365 paucae
1422 2316 1465 2350 in
1492 2312 1582 2364 ipsa
1605 2312 1710 2363 Aga-

357 2393 434 2429 rici
462 2391 632 2430 dissecti
661 2404 782 2429 carne
811 2390 890 2429 alte
919 2390 1129 2442 sepultae,
1169 2389 1296 2441 eaque
1324 2387 1504 2439 undique
1534 2389 1705 2433 cinctae,

358 2478 525 2516 sparsae
566 2476 788 2503 cernuntur
829 2487 882 2494 --
917 2464 1044 2503 modo
1085 2463 1324 2514 mucilagine
1362 2461 1510 2513 pallida
1545 2460 1705 2512 plenae,

360 2537 456 2576 dein
494 2538 635 2577 forsan
673 2549 1018 2591 promergentes,
1058 2537 1185 2575 modo
1225 2540 1365 2574 inanes
1405 2535 1569 2574 sacculo
1607 2543 1707 2572 noto

361 2614 529 2650 vestitae
560 2613 687 2664 (quae
716 2616 838 2665 igitur
866 2616 906 2650 in
935 2611 1098 2650 latibulo
1127 2624 1201 2650 suo
1232 2609 1589 2648 fructificationem
1611 2621 1708 2660 per-

363 2689 491 2738 egisse
519 2686 730 2733 videntur,
763 2689 943 2734 etiamsi,
977 2686 1053 2738 qua
1081 2688 1239 2724 ratione
1267 2685 1309 2723 id
1336 2683 1426 2732 fiat,
1463 2684 1709 2735 praesertim
