1928 3051
386 213 460 239 202

493 317 579 356 586.
623 318 673 356 A.
711 319 758 356 C.
798 318 1048 356 fimicola.

749 405 790 436 α,
821 392 1036 428 communis

747 463 827 513 ββ,
856 463 1135 518 platyphyllos

386 537 593 576 Lamellae
621 537 784 576 sordide
813 538 974 585 fuscae,
1014 541 1054 576 in
1085 553 1126 587 α,
1156 538 1320 577 modice
1352 539 1476 586 latae,
1515 549 1627 578 totae
1653 540 1725 578 ad-

383 625 521 650 nexae.
579 613 771 650 Nascitur
809 627 849 658 a,
888 615 1015 651 rarius
1051 615 1094 650 in
1129 611 1253 659 fimo,
1291 612 1543 664 frequentius
1570 617 1611 651 in
1639 627 1726 666 gra-

384 688 555 724 minosis
584 684 782 723 fertilibus
811 685 1119 731 subumbrosis,
1152 686 1394 738 quandoque
1424 690 1540 724 etiam
1570 690 1610 724 in
1635 686 1727 726 udis

383 762 606 805 muscosis,
639 760 774 810 stipite
803 768 885 796 tum
914 757 964 797 ad
992 759 1124 808 4—5
1153 773 1247 798 unc.
1273 760 1379 798 haud
1402 773 1494 798 raro
1518 771 1725 812 protruso.

385 834 492 870 Huic
523 832 661 871 similis
689 831 768 880 ββ,
802 833 933 884 quoad
960 832 1056 884 pilei
1086 833 1263 872 colorem
1282 864 1290 880 ‚
1322 834 1607 880 substantiam,
1639 833 1724 872 for-

383 919 487 943 mam
529 917 632 944 etc.:
683 907 756 945 sed
806 907 1012 957 discrepat
1050 910 1187 958 stipite
1224 908 1424 946 mediocri
1465 909 1660 959 (sesqui-
1689 920 1722 946 s.

383 980 598 1031 biunciali)
628 991 669 1018 et
697 983 878 1032 inprimis
916 980 1083 1018 lamellis
1123 983 1366 1020 ventricosis
1403 981 1516 1019 valde
1554 983 1724 1032 emargi-

383 1054 700 1092 nato-adncxIS
739 1054 975 1101 sublibcris,
1029 1054 1137 1092 unde
1187 1065 1375 1105 separatu
1420 1055 1528 1092 haud
1564 1054 1725 1105 indigna

385 1129 556 1166 videtur.
624 1130 790 1165 Parcior
829 1131 1010 1165 occurrit
1048 1128 1284 1176 (Moholzer
1318 1127 1472 1169 Haidc;
1517 1127 1725 1165 Trcbusser

386 1201 538 1244 Busch;
577 1204 684 1251 etc.)
723 1201 817 1239 loco
857 1211 898 1238 et
937 1211 1122 1252 tempore
1163 1213 1342 1252 congrua
1371 1214 1462 1239 cum
1493 1215 1550 1250 o‹‚.
1608 1203 1722 1253 Sept.

388 1276 483 1313 Oct.

489 1348 579 1400 587.
628 1350 677 1387 A.
722 1349 767 1387 C.
809 1351 1059 1388 ericaeus.
1596 1397 1600 1402 ,

385 1423 592 1461 Solitarius
631 1423 694 1461 vel
732 1424 1067 1475 subcaespitosus
1106 1423 1300 1475 frequens
1332 1423 1552 1462 hincinde
1582 1437 1727 1462 occur-

385 1500 436 1534 rit
470 1501 510 1534 in
548 1501 782 1549 pinastretis
821 1501 1065 1551 ericetisque
1101 1501 1280 1546 nostris,
1320 1500 1437 1536 etiam
1469 1498 1724 1537 siccioribus.

384 1572 565 1609 Exeunte
593 1581 744 1610 aestate
774 1583 815 1610 et
841 1583 1050 1610 autumno.

489 1645 580 1683 588.
626 1646 676 1683 Α.
721 1646 769 1683 C.
807 1647 1030 1684 nitidus.
1127 1667 1152 1703 3

386 1720 462 1757 Vix
505 1722 582 1757 nisi
627 1722 861 1758 varietatem
909 1720 1196 1772 praecedentis
1241 1730 1445 1757 meretur:
1505 1721 1731 1770 spechnina

387 1796 493 1832 enim
525 1793 660 1845 quoad
688 1793 886 1839 lamellas,
930 1795 1109 1832 colorem
1149 1794 1403 1845 formamque
1431 1792 1527 1844 pilei
1556 1804 1636 1831 etc.
1668 1796 1730 1831 in-

389 1878 450 1905 ter
477 1878 694 1919 utrumque
722 1867 888 1919 fungum
917 1881 992 1919 per
1020 1871 1152 1906 varios
1182 1868 1338 1919 gradus·
1351 1870 1597 1905 transeuntia
1619 1866 1730 1904 haud

386 1955 473 1980 rara
501 1942 660 1979 adsunt.
720 1943 821 1979 Satis
850 1941 1042 1993 frequens
1070 1941 1189 1979 nobis
1226 1942 1330 1979 locis
1368 1941 1542 1986 adustis,
1584 1941 1730 1979 sterili—

390 2015 487 2061 bus,
528 2017 721 2060 ericosis,
772 2018 946 2053 tenuiter
967 2018 1220 2066 ἢἕπειιιιίῑιοεῑε
1261 2016 1322 2063 (v.
1357 2029 1393 2052 c.
1433 2011 1731 2069 Jc'itzlt-endmfer

389 2088 469 2125 und
501 2082 721 2125 Odcrnize1·
750 2089 902 2132 Busch,·
941 2089 1149 2126 stffoholzer
1187 2088 1385 2139 Haide;).
1457 2088 1730 2126 Antecedenti

389 2164 724 2214 contemporalis.

491 2238 582 2288 589.
629 2237 679 2274 A.
724 2236 772 2274 C.
815 2236 1074 2275 titubans.

388 2312 551 2362 Fungus
580 2310 778 2362 pulcher,
811 2311 1030 2357 delicatus,
1061 2311 1174 2350 valde
1204 2312 1395 2351 titubans.
1455 2310 1587 2349 Pileus
1613 2295 1730 2348 visci-

388 2385 486 2431 dus,
529 2388 570 2422 in
598 2394 783 2422 centrum
813 2398 942 2437 usque
980 2389 1165 2432 striatus,
1207 2387 1540 2425 membranaceus
1570 2385 1730 2435 (itaque

389 2472 526 2497 nonne
555 2459 604 2496 ad
633 2462 857 2498 sectionem
886 2463 1065 2511 priorem
1097 2459 1629 2510 translocandus?)‚1initio
1661 2470 1730 2495 co-

388 2536 483 2571 nico
502 2556 520 2562 -
538 2534 841 2584 campanulatus
858 2563 867 2581 ‚
907 2534 1069 2572 demum
1107 2535 1250 2586 planus
1278 2531 1615 2572 rotatuszdisco
1645 2530 1729 2568 ele—

387 2617 527 2658 ganter
555 2607 705 2654 flavus,
746 2611 922 2660 margine
952 2619 992 2647 et
1021 2608 1163 2647 subtus
1200 2610 1267 2657 (in
1307 2606 1498 2656 [arne-llis)
1527 2619 1549 2642 e
1579 2617 1726 2642 carneo

389 2680 483 2718 dein
521 2695 849 2733 purpurascens,
900 2683 1063 2722 tandem
1095 2682 1352 2722 fuscescens.
1420 2679 1552 2730 Stipes
1588 2677 1725 2723 laevis,
