1928 3051
449 204 524 242 271)

449 308 771 359 semiexplicatus
801 309 971 346 caesius.
1044 306 1177 344 Semel
1203 306 1308 346 lecta
1343 321 1431 346 rara
1467 311 1628 360 species
1664 308 1706 346 in
1739 308 1786 347 li·-

447 386 534 433 guis
564 382 749 433 putribus
778 380 947 432 dejectis
977 379 1187 419 suffocatis
1212 381 1356 434 Populi
1386 382 1577 420 tremulae
1604 367 1786 432 (Mokol-

450 471 512 492 τιν*
544 454 700 504 11ιιίᾱι·)
730 464 900 492 exeunte
929 454 1073 504 Aprili.

551 530 638 579 798.
685 529 738 566 H.
779 527 1055 566 mucidum.

447 603 512 641 Ad
549 602 840 654 longitudineu‘i
885 602 1035 654 aliquot
1082 601 1260 640 ulnarum
1310 603 1554 656 quandoque
1599 603 1785 643 effusum.

450 677 691 715 DIcmhrana
719 690 828 714 nunc
857 679 953 714 satis
983 675 1173 715 distincte
1209 686 1458 724 tomentosa,
1503 691 1613 717 nunc
1650 678 1784 718 laevis.

449 749 644 796 Subulac,
686 751 827 788 colore
868 760 1068 802 excepto,
1121 750 1258 802 quales
1302 754 1343 788 in
1380 752 1654 803 praecedente
1690 751 1786 790 sere.

448 826 495 864 In
523 825 638 877 lignis
666 827 782 863 variis
811 824 984 876 putridis
1015 824 1253 873 (Mokolzer
1271 825 1414 864 -Haicle
1442 828 1618 878 passim)
1645 839 1788 864 rarum.

448 901 653 938 Autumno
683 899 874 938 tardiore.

553 988 643 1026 799.
692 975 746 1011 H.
787 983 1109 1012 crustosum.

451 1046 625 1086 subulae
654 1051 714 1085 v1x
742 1047 940 1094 xisibiles,
983 1047 1293 1094 obtusissimae3
1336 1063 1410 1100 per
1437 1049 1585 1087 lentem
1617 1049 1792 1088 nonnul—

449 1122 509 1161 lae
548 1125 665 1174 aplee
705 1135 909 1160 concavae
948 1132 1172 1172 apparent,
1221 1122 1366 1160 annulo
1407 1126 1517 1174 quasi
1557 1123 1790 1174 prominulo

450 1199 620 1234 cinctae.
679 1197 888 1247 Frequens
917 1197 1096 1232 occurrit
1123 1195 1174 1232 ad
1201 1195 1305 1246 ligna
1324 1195 1481 1235 diversa
1500 1200 1789 1248 putrescentia,

449 1272 566 1308 etiam
596 1272 737 1321 pinea,
769 1271 935 1320 passim.
994 1269 1070 1306 Per
1100 1278 1230 1306 totum
1256 1282 1420 1308 annum.

553 1343 642 1381 800.
691 1343 745 1381 H.
787 1342 1122 1380 farinaceum.

448 1417 512 1455 Ab
552 1418 602 1454 H.
646 1418 757 1454 niveo
796 1416 932 1454 differt
968 1414 1114 1453 subulis
1150 1417 1285 1468 paullo
1326 1417 1543 1457 rarioribus
1583 1419 1792 1472 multoque

449 1491 674 1530 minoribus
711 1492 797 1539 (vix
833 1492 1097 1542 conspicuis)
1137 1494 1178 1528 in
1213 1504 1384 1529 acumen
1421 1496 1700 1532 tenuissimum
1728 1508 1793 1533 ex-

451 1565 637 1605 euntibus
652 1595 661 1613 ,
694 1564 909 1616 coloreque
927 1564 1089 1616 pallitlo.
1144 1566 1406 1604 Farinaceuu]
1428 1570 1524 1606 satis
1541 1577 1636 1619 apte
1655 1567 1795 1606 dicen-

450 1640 560 1677 dum.
618 1640 666 1677 In
703 1642 823 1677 ramis
859 1639 1161 1691 corticibusque
1202 1639 1348 1687 alneis,
1392 1641 1561 1694 coryleis
1590 1652 1666 1680 etc.
1696 1642 1792 1681 hinc

451 1713 568 1760 iude,
600 1714 849 1765 infrequens.
909 1714 1043 1757 Vere,
1074 1724 1283 1752 autumno.

555 1789 646 1825 801.
693 1788 744 1824 H.
784 1787 1158 1839 ferrugineum.

815 1860 893 1910 ββ,
925 1859 1123 1915 obliquum

452 1937 687 1981 Tomento‚
719 1935 880 1983 colore,
923 1939 999 1975 situ
1031 1936 1162 1975 effuso
1194 1939 1382 1989 congruit
1418 1951 1500 1976 var.
1531 1948 1672 1977 nostra
1701 1952 1794 1978 cum

453 2024 502 2054 a,
534 2022 659 2060 porro
691 2019 731 2047 et
769 2011 1002 2049 aculeorum
1041 2012 1206 2050 staturzi.
1264 2011 1416 2050 Differt
1453 2011 1597 2049 subulis
1633 2017 1795 2051 rariori-

453 2083 552 2129 bus,
585 2083 699 2120 valde
729 2083 904 2136 obliquis
934 2084 1097 2135 (Forsan
1126 2086 1180 2123 ob
1210 2088 1328 2124 situm
1365 2087 1644 2138 verticalem)‚
1691 2101 1794 2125 non—

451 2157 569 2195 nullis
599 2162 865 2209 compressis.
923 2161 1095 2199 NonnIsi
1132 2159 1258 2198 semel
1286 2162 1472 2197 inventus
1501 2160 1647 2213 fungus
1674 2162 1795 2201 nobis

451 2244 565 2270 rarus
604 2234 645 2268 in
683 2232 798 2284 lignis
835 2236 1005 2273 vetustis
1048 2233 1278 2272 fabrefactis
1317 2235 1446 2285 pineis
1485 2234 1584 2273 dolii
1611 2239 1654 2274 in
1690 2237 1797 2275 terrei

452 2306 606 2345 defossi
636 2307 942 2360 (Monplaisir).
999 2309 1143 2347 Medio
1172 2309 1410 2347 Novembri.

557 2380 648 2419 802.
695 2382 749 2419 H.
789 2381 1004 2421 bicolor
1039 2396 1209 2422 noxus.

454 2454 507 2492 H.
540 2455 621 2492 late
639 2451 812 2511 effusum
840 2468 1122 2503 comentosum,
1153 2456 1326 2495 subiculo
1347 2458 1454 2494 tenui
1475 2469 1585 2495 arcte
1609 2457 1795 2510 adpresso

455 2526 566 2573 albo,
597 2529 742 2566 aculeis
771 2532 931 2568 minutis
962 2533 1079 2570 rectis
1108 2533 1234 2570 acutis
1262 2531 1459 2570 distinctis
1487 2548 1507 2569 e
1536 2529 1629 2589 rufo
1657 2532 1797 2584 spadi-

456 2602 529 2638 σείς
558 2603 672 2653 apice
701 2604 826 2642 nudis.

558 2677 780 2730 Discrepat
821 2693 843 2716 a
879 2681 1155 2732 praecedente
1185 2682 1328 2721 colore
1356 2680 1530 2734 duplici,
1561 2683 1728 2720 minutie
1757 2691 1798 2720 et
