1928 3051
734 224 968 231 mmm—-
1450 213 1520 254 199

657 318 690 346 E.
735 316 1043 347 COPRINI.

510 423 553 470 a)
610 419 1184 459 Membranacei.

282 537 374 587 574.
421 537 470 576 A.
512 537 559 576 C.
600 550 853 578 comatus.

547 627 587 658 α,
620 614 923 663 campanulum&

183 682 315 720 Pileus
346 686 670 736 campanulatus‚
703 689 1029 739 paraboloideus.
1088 688 1361 727 Lamellarum
1388 690 1521 742 liquor

177 766 290 804 ater,
322 763 640 799 atranientarius.
708 762 871 813 Fungus
908 765 948 799 in
984 762 1249 802 feracioribus
1279 763 1522 802 Germaniae

180 830 399 869 ditionibus
430 833 623 884 vulgaris,
665 849 687 872 a
717 836 806 873 solo
844 845 988 874 nostro
1021 849 1196 874 arenoso
1226 838 1351 874 sterili
1379 851 1521 887 parum

177 903 377 943 admissus
406 909 569 944 nonnisi
597 921 793 960 perquam
822 922 934 947 rarus
963 909 1066 948 locis
1094 911 1248 962 aliquot
1275 913 1367 962 pagi
1394 913 1521 961 ipsius

178 982 308 1017 nostri
335 983 576 1031 graminosis
613 983 896 1034 pinguioribus
936 986 1152 1035 quotannis
1180 984 1314 1022 redire
1344 997 1521 1023 consue—

179 1055 237 1090 vit
265 1053 402 1091 medio
433 1054 518 1093 fere
548 1057 792 1107 Septembri.
818 1079 871 1086 ——
893 1058 1127 1109 Eademque
1145 1058 1195 1096 de
1217 1059 1371 1104 caussa,
1405 1072 1522 1110 quam

178 1128 305 1165 modo
336 1128 625 1177 indicavimus,
668 1134 861 1183 integram
896 1132 1161 1183 Coprinorum
1200 1142 1361 1184 gentem
1389 1136 1431 1170 in
1458 1147 1524 1171 re-

178 1201 366 1253 gionibus
407 1203 519 1242 hisce
556 1207 786 1255 specierum
824 1219 951 1258 aeque
979 1220 1026 1245 ac
1054 1206 1352 1246 individuorum
1382 1207 1523 1246 admo-

178 1275 275 1313 dum
304 1279 473 1329 inopem
503 1292 594 1318 esse
622 1279 822 1318 dolemus.

284 1350 375 1402 575.
422 1352 472 1390 A.
512 1352 558 1391 C.
597 1355 863 1393 cinereus.

545 1425 591 1475 β,
626 1438 862 1465 tomentosus

182 1498 314 1536 Pileus
343 1503 590 1539 semunciam
631 1502 715 1541 fere
748 1504 860 1542 altus.
919 1502 1051 1556 Stipes
1079 1517 1157 1555 pro
1187 1507 1341 1544 ratione
1369 1505 1518 1554 brevis,

184 1570 274 1625 ¹}s2
304 1587 394 1612 unc.
434 1577 536 1623 (nec
564 1576 689 1627 ultra)
729 1577 900 1628 longus,
939 1587 1123 1615 tomento
1154 1578 1282 1617 denso
1313 1582 1430 1618 ulveo
1462 1591 1521 1617 te—

179 1656 284 1685 ctus.
352 1648 559 1686 Lamellae
595 1663 673 1701 pro
710 1649 877 1689 familiae
914 1666 1029 1690 more
1070 1662 1179 1690 totae
1216 1652 1378 1690 demum
1414 1663 1520 1691 atre-

178 1730 356 1760 scentes.
437 1722 597 1762 Crescit
635 1724 737 1763 locis
777 1724 974 1765 fertilibus
1010 1726 1060 1764 ad
1090 1740 1211 1778 sepes
1250 1727 1517 1779 subpaganas‚

176 1798 218 1832 in
244 1795 375 1834 hortis
405 1807 482 1835 etc.
513 1797 608 1836 hinc
637 1798 731 1838 inde
761 1813 942 1851 sparsus.
981 1802 1094 1840 Maio
1125 1811 1165 1841 et
1186 1815 1303 1854 seqq.
1326 1805 1367 1840 in
1391 1803 1522 1840 Octo—

178 1868 291 1907 brem
320 1884 463 1923 usque.

280 1943 372 1994 576.
419 1946 469 1983 A.
513 1946 561 1985 C.
605 1947 956 2000 ferrugineus.

543 2036 583 2067 α,
615 2022 832 2075 sylvaticas

539 2094 586 2144 β,
618 2096 809 2134 hortensis

176 2166 358 2218 Utraque
395 2180 476 2206 var.
512 2183 622 2208 nunc
652 2174 909 2223 truncigena,
950 2185 1060 2210 nunc
1098 2174 1325 2218 terrestris,
1368 2173 1519 2210 statura

175 2241 350 2278 variabili
379 2242 545 2290 ludens,
577 2244 682 2295 pileo
713 2244 778 2300 ⁷}ss
811 2259 906 2284 unc.
937 2246 1017 2283 alto
1044 2255 1124 2284 etc.
1171 2246 1333 2284 Crescit
1363 2261 1402 2293 a,
1430 2259 1520 2285 cae—

176 2317 331 2365 spitosa
350 2317 390 2352 in
410 2316 612 2355 umbrosis
642 2319 902 2358 humentibus
931 2320 1084 2372 aliquot
1113 2320 1215 2357 locis
1238 2320 1352 2369 (Seer
1373 2321 1517 2358 Lehm—

174 2388 349 2439 gruben,;
411 2387 683 2447 Ullersdoaefer
731 2391 1202 2447 Schlossgszrzenmszuer)
1260 2394 1514 2445 Septembri:

174 2462 220 2510 β,
251 2466 292 2500 in
311 2464 438 2503 hortis
459 2465 837 2517 (Aristalcsgartetm
867 2464 1165 2524 Jiinltcndmfer
1188 2465 1513 2522 Schlossgarten)

175 2537 321 2585 Junio,
353 2539 475 2577 Julio.

278 2611 368 2664 577.
414 2614 464 2651 A.
504 2614 548 2651 C.
587 2614 985 2655 disseminatus.

542 2704 582 2735 a,
613 2690 758 2726 minor·
