1928 3051
439 444 790 488 LECTORI
860 444 1285 488 BENEVOLO
1357 445 1401 487 S.

802 642 1039 649 Μ..

246 806 422 871 Pauca
462 832 607 877 sunt,
666 836 791 881 quae
839 821 899 866 de
945 821 1111 867 libelli
1155 818 1318 867 nostri
1353 822 1593 867 instituto

247 920 392 975 atque
439 910 659 966 ratione,
719 927 784 955 ne
832 911 943 971 quis
1001 911 1146 971 plura
1197 911 1384 967 aliave,
1443 926 1594 971 quam

246 1000 549 1045 inventurus
599 1011 699 1056 est,
747 1001 828 1044 hic
874 1002 1105 1045 locorum
1161 1002 1387 1060 quaerat,
1451 1015 1589 1060 prae-

246 1089 500 1134 monenda
537 1101 787 1150 putamus.

345 1178 610 1224 Botanices
647 1179 785 1225 enim
809 1179 1004 1224 deliciis
1028 1179 1328 1237 jamdudum
1349 1179 1418 1224 ita
1447 1179 1592 1240 capti,

246 1279 304 1312 ut
352 1269 597 1329 temporis
649 1269 902 1315 subsecivi
949 1269 1083 1314 haud
1130 1269 1364 1332 exiguam
1400 1279 1592 1329 partem

244 1357 326 1401 illi
363 1357 721 1414 tribueremus,
762 1359 850 1404 ubi
880 1359 940 1404 ad
964 1359 1192 1404 studium
1213 1358 1593 1420 mycologicum

245 1447 449 1492 tandem
487 1448 808 1502 devenimus,
867 1449 1214 1493 vastissimum
1262 1448 1410 1492 nobis
1460 1464 1589 1492 cam«

243 1552 367 1597 pum
405 1547 453 1580 et
488 1553 512 1580 a
550 1536 802 1598 plerisque
839 1537 1080 1581 hactenus
1112 1537 1401 1601 neglectum
1425 1548 1591 1596 patere

244 1608 395 1670 facile
431 1625 897 1671 animadvertimus.
972 1631 1032 1671 In
1071 1642 1170 1687 quo
1209 1642 1299 1686 pro
1329 1625 1468 1671 virili
1504 1641 1592 1670 no-

245 1716 343 1771 stra
381 1716 659 1761 excolendo
700 1716 846 1761 annis
880 1716 1075 1776 aliquot
1099 1715 1336 1776 peractis,
1374 1731 1466 1775 ope
1490 1714 1591 1771 jam

242 1808 505 1867 Synopseos
537 1802 819 1868 fungormn
868 1822 892 1850 a
938 1808 1211 1861 Persoonm,
1272 1805 1383 1850 viro
1435 1804 1494 1848 de
1541 1821 1592 1849 re

244 1894 561 1957 mycologica
598 1895 832 1940 universa
860 1896 1218 1956 praecellenter
1248 1895 1455 1950 merito,
1495 1893 1594 1939 edi·

245 1995 323 2029 tae
365 2000 419 2028 ac
457 2001 481 2029 a
519 1984 812 2030 laetissimis
856 1997 1114 2045 exceptae,
1154 1985 1416 2030 certiorem
1447 1983 1591 2044 inpo-

243 2084 433 2118 sterum
468 2074 603 2119 viam
640 2074 1000 2131 monstrantis,
1058 2075 1252 2137 egregie
1301 2074 1588 2120 sublevatos

243 2174 292 2208 et
327 2164 388 2208 ad
438 2164 533 2208 iter
582 2164 791 2209 alacrius
838 2165 1149 2209 movendum
1201 2164 1444 2209 excitatos
1492 2177 1587 2208 nos

242 2252 521 2298 sensimus:
566 2254 726 2315 magis
775 2254 924 2298 etiam
978 2255 1150 2314 paullo
1200 2264 1316 2313 post
1353 2252 1472 2296 inde
1507 2251 1585 2296 in·

240 2342 436 2404 stigati‚
501 2343 631 2402 quod¹
683 2342 873 2402 reliqua
931 2359 1129 2403 quoque
1175 2343 1409 2386 Persoonii
1468 2341 1588 2386 alio·

243 2447 455 2492 rumque
500 2431 887 2492 praecipuorum
935 2431 1251 2493 mycologiae
1288 2429 1584 2476 recentioris

244 2532 507 2566 auctorum
562 2546 628 2554 —-
681 2520 955 2577 &madet-i,
1033 2522 1199 2575 Todei,
1271 2516 1584 2583 Hoffmanui,

245 2611 505 2674 lledwigii,
550 2610 857 2675 Wicheringi‚
899 2613 1123 2656 Gc'z'rtneri
1157 2637 1223 2646 --
1262 2609 1444 2670 scripta
1471 2608 1586 2654 assi-
