1928 3051
1441 164 1515 204 351

172 281 320 321 flexum
357 281 616 334 pezizoideus
652 291 846 334 apparet:
895 292 936 321 at
963 280 1186 320 substanti&
1214 282 1520 322 membranacea

172 370 371 408 perquam
395 356 534 395 tenera
554 370 648 394 mox
670 356 963 404 flaccescente,
992 360 1145 409 speciei
1166 360 1353 410 sequenti
1376 358 1520 410 (aeque

172 443 220 468 ac
252 430 363 467 color
391 433 659 482 statumque)
689 431 858 483 aggruii,
898 431 1007 470 hunc
1045 431 1123 470 sibi
1160 432 1339 469 vindicat
1366 432 1517 470 locum.

171 503 286 541 Pube
325 506 435 542 tenui
475 514 580 543 totus
608 504 750 543 hirtus.
808 504 942 557 Stipes
971 505 1150 558 gracilis,
1199 505 1457 553 delicatulus,
1495 505 1520 544 3

171 576 243 615 lin.
275 575 360 616 fere
389 578 556 630 longus:
586 579 712 630 pileus
740 582 939 626 minutus,
972 580 1232 619 semilinearis
1262 581 1338 630 (vix
1358 579 1518 632 major),

170 654 455 703 resupinatus,
495 655 535 689 in
574 651 701 691 fundo
740 656 966 692 eminenter
1004 654 1272 701 umbonatus,
1311 654 1361 692 ad
1397 654 1521 692 latera

172 725 264 776 plus
301 728 486 765 minusve
525 727 686 778 gibbus.
745 729 975 778 Specimina
1020 740 1172 780 pauca,
1221 729 1294 767 sed
1331 729 1521 768 distincta

171 811 219 836 ac
257 800 465 850 praeclare
503 803 697 852 vigentia,
747 803 788 837 in
825 802 997 839 strobilo
1038 802 1133 839 Pini
1170 802 1372 854 sylvestris
1417 803 1520 841 locis

171 872 347 923 putridis
392 872 555 925 dejecto
605 874 892 923 (Gerstmanns
940 871 1197 929 Pflanzung)
1245 876 1370 915 semel
1416 877 1520 915 lecta

172 956 342 984 exeunte
371 946 572 1000 Augusto.

282 1024 395 1071 1047.
443 1022 498 1059 H.
538 1021 789 1073 glabrum.

174 1093 306 1146 Stipes
337 1098 604 1143 tenerrimus,
636 1096 750 1133 valde
780 1094 949 1144 debilis,
981 1096 1090 1134 illico
1110 1096 1341 1135 collabitur:
1371 1107 1520 1149 postca

172 1178 308 1207 tamen
345 1169 588 1221 aliquamdiu
624 1172 808 1221 persistit
850 1169 1051 1221 fungillus.
1135 1169 1378 1222 Infrequens
1416 1172 1519 1211 locis

170 1242 378 1281 umbrosis
407 1243 671 1282 humentibus
701 1245 762 1293 (v.
793 1258 826 1282 c.
858 1242 1167 1295 Lehmgruben)
1207 1243 1302 1281 folia
1331 1245 1516 1293 decidua,

170 1318 268 1356 acus
297 1321 440 1369 pineas
469 1327 613 1368 putres
643 1327 724 1356 etc.
755 1321 950 1370 gregatim
978 1316 1134 1357 incolit.
1194 1319 1327 1357 Primo
1355 1333 1463 1358 vere.

281 1392 394 1442 1043.
443 1392 497 1429 H.
538 1391 878 1444 melanopus.

173 1465 309 1518 Stipes
337 1466 507 1505 hirsutie
536 1465 668 1504 albida
698 1469 850 1517 passim
879 1469 921 1504 in
950 1466 1154 1505 nonnulliS
1185 1465 1412 1514 obductus,
1444 1466 1517 1505 he—

169 1540 416 1592 terogenefi,
448 1550 492 1578 ut
521 1540 693 1578 videtur.
751 1541 799 1577 In
828 1540 953 1587 foliis,
986 1541 1211 1593 stipitibus,
1254 1535 1404 1579 acubus
1435 1551 1515 1578 etc.

167 1613 339 1666 dejectis
377 1615 576 1667 sylvarum
626 1615 722 1653 hinc
764 1615 875 1654 illinc
921 1616 982 1666 (v.
1022 1629 1059 1654 c,
1100 1614 1257 1658 Haide;
1307 1612 1517 1654 Trehnsser

174 1688 337 1739 Wald).
394 1689 625 1737 Autumno,
656 1703 768 1727 vere.

271 1776 369 1802 OBS.
404 1777 438 1801 1.
496 1763 656 1816 Speciei
683 1764 800 1809 huic,
833 1777 934 1816 quae
954 1763 1035 1815 Ag.
1065 1762 1305 1815 Omphalicze
1335 1764 1519 1817 8ρὶρῆγῖ-

170 1840 233 1877 lae
279 1841 463 1890 proxima
507 1838 630 1876 nobis
680 1851 843 1890 quoque
890 1838 1152 1877 vehementer
1197 1848 1389 1890 suspecta
1438 1848 1514 1883 est,

168 1914 265 1952 olim
294 1912 434 1953 forsan
463 1913 651 1952 substitui
680 1915 835 1964 poterit
865 1912 919 1951 H.
942 1914 1253 1950 cinnamomeum
1271 1942 1280 1960 ,
1312 1912 1517 1951 submem—

167 1988 418 2027 branaceum
448 2001 669 2026 convexum
698 1987 809 2024 laeve
834 1989 1183 2034 cinnamomeum,
1216 1990 1353 2039 stipite
1383 1988 1519 2036 (tenui

167 2060 348 2100 filiformi
386 2062 519 2111 5-4
556 2062 621 2099 lin.
658 2062 806 2112 longo)
846 2061 1039 2099 deorsum
1077 2063 1209 2112 nigro.
1282 2062 1428 2099 Forma
1467 2061 1517 2098 H.

167 2135 319 2188 glabri.
379 2136 509 2174 Pileus
539 2149 561 2173 2
579 2135 671 2172 -3
699 2136 769 2174 lin.
799 2135 916 2174 latus.
973 2134 1238 2173 Rarissimum
1265 2133 1518 2186 epiphyllum

169 2210 353 2261 (Haide)
386 2211 520 2248 Junio.

275 2298 381 2323 ons.
416 2298 452 2323 2.
509 2285 744 2322 Sectionem
774 2283 881 2321 hanc
910 2284 964 2330 B,
1008 2285 1167 2334 species
1197 2281 1359 2334 Fugaces
1386 2295 1516 2319 mem-

169 2360 388 2398 branaceas
431 2358 800 2410 complectentem,
849 2371 935 2394 non
981 2371 1027 2395 ex
1072 2356 1321 2394 Halotiorum
1367 2369 1516 2407 genere

170 2444 348 2480 tantum,
380 2447 520 2472 verum
550 2433 669 2470 etiam
700 2446 745 2470 ex
778 2431 931 2483 integra
963 2430 1323 2468 Helvenoideomm
1353 2429 1514 2476 familia,

170 2509 437 2555 exulaturam,
468 2510 764 2560 propritunque
792 2519 919 2557 genus
949 2508 1283 2552 constituturam,
1327 2518 1425 2543 vero
1465 2507 1518 2542 si-

168 2583 377 2621 millimum
425 2584 564 2633 utique
611 2590 686 2620 est.
771 2579 1105 2618 Fructificatione
1163 2582 1270 2616 enim
1323 2577 1516 2630 peculiari

168 2671 420 2710 prorsusque
448 2670 471 2695 a
501 2655 651 2693 Pezizis
689 2654 814 2693 alien-‘i
844 2653 1020 2707 gaudere
1049 2653 1228 2693 videtur:
1269 2651 1320 2691 de
1350 2653 1427 2705 qua
1456 2661 1515 2690 ta—
