1928 3051
713 220 808 226 -·—-
815 222 945 228 mm„
1423 197 1497 248 287

154 312 332 349 morosis
368 311 572 351 umbrosis
610 312 903 365 (HIonplaisim
945 314 1042 351 holte
1080 314 1235 358 Linde,·
1274 313 1498 353 Sekiander

154 384 304 435 Berg).
362 386 611 437 Septembri,
646 386 830 425 Octobri.

256 458 347 497 856.
396 460 444 498 C.
476 462 767 512 pratensis.

151 531 422 584 Frequentior
466 536 759 584 antecedente,
810 548 944 584 curta,
997 541 1104 575 inter
1140 542 1317 591 gramina
1357 539 1497 580 delite-

152 617 293 654 scens,
341 621 484 647 recens
517 610 670 649 lubrica
707 610 954 650 subviscosa.
1024 613 1140 650 Prata
1178 616 1335 665 aprica,
1376 615 1497 654 etiam

153 682 321 718 sicciora
350 683 514 730 collina,
547 684 698 736 ubique
727 686 812 724 fere
839 686 979 723 incolit
999 686 1048 725 ab
1074 697 1243 726 exeunte
1265 688 1496 740 Septembri

149 756 191 793 in
217 754 342 807 frigus
370 759 562 809 ingruens
584 772 729 811 usque.
1080 756 1086 759 „

253 829 344 880 857.
392 831 441 870 C.
481 833 721 871 cristata.

514 920 555 952 α,
586 906 768 957 vulgaris

512 979 560 1028 β,
592 982 707 1019 nivea

147 1050 196 1089 In
225 1066 266 1098 α,
298 1052 408 1091 color
436 1066 560 1107 saepe
589 1069 636 1093 ex
673 1058 881 1095 incarnato
923 1057 1141 1095 cinerascit
1178 1067 1247 1095 aut
1285 1057 1495 1111 subfuligi-

146 1139 248 1165 neus
277 1137 363 1166 est:
396 1131 499 1167 rami
527 1130 635 1168 haud
663 1144 755 1168 raro
786 1130 997 1170 difformes
1027 1141 1146 1178 sunt,
1179 1135 1323 1179 crassi,
1372 1134 1494 1173 obtu-

147 1200 204 1246 si,
243 1201 414 1242 fimbriis
452 1204 649 1244 destituti.
707 1206 806 1243 Var.
844 1205 890 1254 β,
928 1220 980 1244 ne
1016 1216 1126 1245 aetas
1164 1217 1318 1245 tantum
1357 1207 1495 1259 junior

146 1275 221 1322 sit,
253 1290 341 1313 cum
374 1277 421 1316 cl.
456 1279 633 1316 Persoon
673 1282 791 1317 etiam
830 1283 1032 1332 etiamque
1069 1295 1270 1319 veremur.
1329 1283 1492 1335 Fungus

146 1362 168 1387 e
197 1353 366 1390 maxime
394 1353 864 1408 multiformibussylvas
885 1368 1029 1394 omnes
1053 1365 1273 1403 nostrates,
1305 1370 1493 1398 acerosas

144 1437 273 1477 aeque
296 1440 343 1465 ac
364 1426 595 1477 frondosas,
621 1431 762 1469 incolit
781 1430 965 1483 vulgaris.
995 1432 1072 1469 Per
1094 1440 1224 1469 totum
1245 1441 1492 1471 autumnum.

251 1486 342 1540 858.
390 1503 438 1542 C.
478 1503 757 1543 fimbriata.

146 1574 264 1613 Justo
295 1579 433 1629 utique
461 1578 625 1617 affinior
653 1580 938 1626 antecedenti,
981 1595 1002 1619 a
1032 1581 1109 1633 qua
1148 1581 1270 1618 ramis
1305 1594 1493 1632 praeser-

147 1647 218 1685 tim
249 1649 444 1701 elongatis
473 1663 594 1705 atque
623 1654 888 1705 paucioribus
918 1655 1201 1707 distinguitur:
1244 1654 1360 1692 villus
1389 1658 1493 1693 enim

145 1721 291 1763 baseos
319 1725 362 1762 in
390 1726 452 1764 illa
486 1742 647 1780 quoque
677 1728 929 1780 saepiuscule
955 1728 1083 1767 adest.
1143 1729 1249 1768 Hab.
1280 1730 1323 1767 in
1352 1729 1494 1769 abieti-

145 1800 207 1836 nis
255 1804 458 1840 muscosis
501 1802 704 1842 umbrosis
761 1803 996 1852 (Moholzer
1043 1803 1199 1848 Haicle;
1243 1801 1495 1860 Arnsclorfer

147 1873 331 1926 Berge;)
359 1879 528 1927 passim.
585 1878 772 1930 Augusto
804 1888 844 1917 et
877 1892 994 1932 seqq.

249 1948 340 2001 859.
388 1950 436 1989 C.
480 1952 713 1991 subtilis.

144 2021 245 2060 Icon
278 2024 552 2063 Persoonz'ana
580 2027 703 2066 bona.
761 2030 925 2081 Fungus
955 2028 1004 2066 ab
1034 2029 1147 2066 initio
1167 2028 1490 2075 candidissimus,

145 2095 366 2135 substancia
396 2102 535 2139 tenera
573 2103 935 2154 semipellucente,
983 2102 1147 2139 ramulis
1185 2106 1299 2154 apice
1337 2104 1385 2151 (a
1423 2101 1494 2139 fri-

143 2184 243 2223 gore
273 2173 413 2213 forsan
440 2178 699 2227 imminente.)
727 2191 897 2216 amoene
926 2176 1239 2216 lutescentibus:
1283 2176 1375 2214 (lein
1404 2176 1491 2227 pal-

143 2245 230 2285 lens
260 2252 439 2299 opacior.
499 2250 669 2288 Statura
698 2255 760 2289 vix
783 2252 961 2290 uncialis.
1019 2253 1132 2289 Loco
1152 2253 1273 2288 unico
1293 2250 1490 2289 haetenus

143 2331 307 2373 reperta
337 2327 496 2375 species
527 2325 711 2376 elegans,
743 2326 817 2364 sed
845 2329 1023 2378 gregaria
1052 2335 1092 2364 et
1120 2325 1351 2364 abundans:
1402 2339 1490 2363 cor·

144 2398 214 2433 tici
266 2397 458 2435 nimirum
515 2399 691 2437 coriario
751 2400 876 2450 (Seer
923 2398 1192 2451 Lolzgruben)
1237 2403 1487 2446 increscens,

145 2473 272 2512 tarda.
333 2474 509 2511 Octobri
546 2484 587 2511 et
623 2474 864 2513 Novembri.
924 2475 1168 2525 (Ramorum
1202 2474 1339 2526 apices
1370 2487 1491 2526 saepe

145 2550 264 2586 etiam
293 2548 450 2600 reliquo
478 2548 603 2600 fungo
634 2550 922 2602 concolores.)

249 2622 337 2661 860.
383 2623 431 2661 C.
471 2624 703 2663 viscosa.

147 2696 317 2736 Statura
352 2697 566 2738 variabilis.
624 2700 753 2738 Totus
792 2698 938 2754 fungus
978 2701 1258 2739 tenacissimus
1297 2697 1487 2774 IUb‘i2u⁵’
