1928 3051
254 1161 333 1194 Tab.
352 1162 378 1193 1.

422 216 501 257 316
972 239 1206 250 .....-,-,,

422 350 531 375 nunc
570 334 725 373 fibrinis
764 335 899 385 parcis
935 335 1145 384 appressis
1175 333 1372 384 parallelis
1400 336 1523 387 nigris
1551 334 1767 388 longitudi-

422 411 564 449 naliter
593 412 744 447 striata.
794 408 907 446 Basis
936 410 1043 446 intus
1065 409 1106 444 in
1125 408 1330 448 nonnullis
1351 409 1592 461 subrugosa.
1640 409 1674 447 E
1697 422 1769 448 cu-

422 484 529 537 pulis
550 479 738 538 farinam
767 482 862 520 hinc
890 481 984 520 inde
1013 485 1221 534 copiosam
1249 482 1378 521 albam
1398 483 1605 536 delapsam
1626 483 1769 523 obser-

423 561 624 604 vavimus,
665 570 766 609 quae
805 570 881 608 per
917 559 1018 595 vitra
1054 559 1337 609 augentissima
1364 557 1529 596 lustrata
1555 557 1768 610 sporulas?

424 631 550 669 nudas
588 631 855 683 subglobosas
897 631 1034 669 medio
1080 634 1231 682 passim
1277 634 1459 679 striatas,
1511 646 1589 671 nec
1637 632 1770 670 thecas

423 718 653 758 octosporas
692 706 831 745 solitas
871 709 1132 745 monstravit:
1171 718 1222 744 an
1251 705 1300 743 ab
1341 706 1531 758 hyinenio
1570 717 1768 758 corrupto

421 781 662 834 jamjamque
690 779 956 819 dissolvendo
989 779 1188 818 oriunda?
1226 793 1277 818 an
1310 779 1456 833 Fungus
1484 796 1505 817 a
1536 780 1770 818 Pezizarum

421 869 570 908 genere
599 855 905 894 removendus?
961 856 1150 906 Speciem
1180 854 1397 894 notabilem
1427 854 1489 893 bis
1519 858 1559 893 in
1589 855 1690 893 Ρίιιο
1708 856 1770 908 pi-

423 931 490 967 ceci
545 932 772 968 invenimus
790 960 798 976 ,
840 940 881 968 et
909 929 1036 969 semel
1066 929 1228 981 quidem
1257 929 1448 967 arborem
1477 932 1673 981 integram
1703 943 1771 968 ex-

422 1005 569 1044 celsam
609 1007 766 1057 agmine
806 1004 928 1056 longo
977 1003 1138 1056 latoque
1177 1014 1449 1056 occupantem
1494 1003 1771 1060 (Arnsdorser

421 1079 501 1116 Ber
501 1095 574 1130 ἕω
605 1078 834 1117 Sohlander
863 1079 1011 1129 Berg).
1067 1079 1181 1130 Sept.
1215 1079 1311 1117 Oct.

526 1158 616 1205 9‘14.
662 1154 707 1192 P.
750 1152 946 1191 membr
958 1166 1155 1190 anacea
1194 1164 1364 1190 Nonrs.

423 1227 469 1264 P.
500 1229 688 1276 stipitata
717 1224 1023 1264 membranacea
1057 1240 1215 1277 parva,
1257 1224 1403 1277 capul&
1441 1224 1572 1262 erecta
1609 1240 1771 1278 campa·

421 1300 561 1338 nulatcz
602 1302 704 1338 intus
745 1314 891 1353 rugoso
917 1321 931 1328 -
957 1301 1127 1347 venosd,
1167 1299 1322 1337 demum
1357 1296 1563 1357 multifido
1589 1320 1605 1328 ··
1632 1299 1770 1339 lacent

420 1374 686 1414 subrcvolutci.

788 1464 829 1496 α,
861 1447 1037 1487 discolor

785 1522 832 1574 β,
864 1523 1003 1561 albida

786 1612 828 1651 γ,
851 1594 1019 1654 fluvida

420 1675 485 1712 An
512 1672 623 1712 huc?
650 1686 702 1711 an
732 1673 916 1710 RIeruliis
951 1673 1158 1725 propior?
1215 1673 1387 1712 Statura
1416 1685 1507 1712 2-—
1524 1672 1547 1711 3
1574 1673 1770 1711 linearum

422 1752 460 1786 in
489 1747 699 1800 perfectis.
770 1746 925 1798 Cupula
953 1750 995 1785 in
1026 1763 1066 1793 α,
1096 1751 1204 1787 intus
1233 1748 1389 1796 albida,
1437 1758 1548 1786 extus
1579 1761 1671 1786 eum
1701 1749 1768 1784 sti-

421 1825 503 1872 pite
531 1825 642 1861 tenui
672 1821 784 1861 brevi
820 1825 986 1861 cinereo
1005 1845 1024 1851 -
1042 1825 1266 1874 nigricans,
1306 1821 1460 1862 fibrinis
1499 1822 1770 1861 subtilissimis

422 1898 560 1937 densis
589 1899 795 1948 appressis
823 1899 946 1948 nigris
976 1898 1076 1948 (per
1103 1897 1278 1948 lentem)
1308 1899 1458 1936 striata.
1516 1896 1562 1945 β,
1594 1911 1636 1950 γ,
1658 1906 1769 1935 totae

421 1972 656 2010 unicolores
685 1972 842 2017 laeves,
874 1971 1010 2022 paullo
1040 1970 1242 2024 majores,
1273 1974 1412 2024 stipite
1442 1974 1643 2010 crassiore
1673 1971 1769 2011 sub-

421 2045 674 2093 obeonicae,
714 2049 847 2084 minus
881 2046 1057 2084 lacerae:
1105 2045 1152 2094 β,
1183 2059 1230 2084 ex
1269 2045 1360 2084 albo
1399 2046 1684 2098 glaucescens:
1723 2060 1766 2098 γ,

422 2120 544 2158 dilute
581 2133 836 2172 amoeneque
868 2119 984 2158 flava.
1052 2121 1256 2160 Crescunt
1289 2134 1395 2159 varr.
1434 2134 1577 2160 omnes
1607 2130 1690 2160 tres
1717 2120 1770 2159 ad

422 2197 582 2246 stipites
619 2194 840 2246 virgultave
884 2198 1121 2247 semiputria
1167 2196 1375 2233 humentia
1422 2205 1608 2235 acervata
1643 2204 1767 2243 tecta,

421 2271 661 2321 praesertim
694 2267 821 2307 litem
851 2269 1187 2317 (Ησίνιν-ἱςῙ-ιενιιῆ;
1225 2271 1454 2314 Asnaum,-
1493 2265 1768 2329 Jr‘inkcndorf;

421 2342 651 2382 Sohlander
678 2344 789 2395 Berg
819 2352 896 2383 etc.
908 2345 938 2395 ).
995 2345 1034 2381 A
1061 2345 1179 2383 Junio
1207 2348 1249 2383 in
1276 2344 1568 2384 Novembrem.

697 2462 1492 2493 OPEZIZOIDEAE.

898 2550 946 2600 a)
1003 2548 1292 2588 Hir-tae.

526 2643 616 2694 945.
664 2644 708 2683 P.
747 2644 1197 2697 hemisphaerica.

425 2714 614 2769 Gregaria
639 2718 704 2757 vel
733 2719 910 2759 solitaria
924 2749 933 2767 ‚
964 2722 1169 2760 terrestris
1183 2749 1190 2768 ,
1229 2722 1336 2760 inter
1363 2732 1530 2760 muscos
1543 2749 1553 2768 ‚
1583 2718 1636 2758 ad
1661 2717 1768 2761 radi-
