1928 3051
1512 196 1583 237 XI

248 324 434 369 Trichz'a
472 326 683 386 Serpula.
768 328 828 369 In
867 325 1048 385 quibus
1091 323 1329 370 omnibus
1371 323 1582 370 nomina

245 414 486 471 trivialia,
526 414 719 459 etiamsi
753 414 921 459 minus
946 415 1129 459 idonea
1152 415 1271 459 hinc
1307 414 1425 459 inde
1448 415 1582 460 vide—

242 516 441 561 rentur,
480 505 747 549 immutare
772 520 994 549 summae
1025 504 1291 548 habuimus
1325 504 1579 566 religioni,

240 610 402 654 neque
425 592 477 638 id
502 595 691 654 peccati
729 593 830 637 nisi
856 593 930 637 bis
953 604 1090 638 terve
1123 591 1418 638 invitissimi
1444 609 1580 638 com-

239 683 502 735 misimus3
552 683 687 727 haud
731 682 923 742 ignari,
983 694 1230 741 quantum
1274 682 1394 727 inde
1439 682 1583 726 detri-

240 771 400 816 menti
456 788 542 831 per
595 771 1052 815 accumulationem
1103 771 1582 832 intricationemque

239 877 645 919 synonymorum
678 859 891 906 historia
925 860 1170 905 naturalis
1198 860 1434 905 universa
1459 860 1581 918 jam-

241 950 434 994 dudum
466 950 649 1010 ceperit
673 962 818 1010 atque
840 950 894 995 in
923 950 1026 995 dies
1052 966 1221 1010 capere
1243 961 1431 1012 pergat.

336 1043 539 1096 Restat,
577 1050 632 1083 ut
668 1040 728 1084 de
761 1040 1033 1095 icunculis,
1073 1039 1254 1099 quibus
1292 1041 1453 1100 operis
1481 1039 1574 1083 uti-

239 1129 435 1174 litatem
460 1146 755 1190 promovere
783 1129 1101 1184 studuimus,
1141 1145 1265 1189 quae
1302 1130 1580 1174 necessaria

238 1219 501 1276 videntur,
552 1220 802 1265 addamus.
877 1224 937 1264 In
973 1218 1153 1280 quibus
1190 1218 1496 1263 adornandis
1529 1217 1582 1262 id

238 1309 561 1370 potissimum
584 1310 905 1370 propositum
940 1308 1065 1364 fuit,
1105 1319 1160 1352 ut
1194 1307 1470 1369 specierum
1495 1323 1583 1352 no-

238 1415 443 1453 varum,
483 1411 531 1444 et
555 1400 774 1461 apprime
799 1400 1001 1460 quidem
1029 1415 1211 1453 earum,
1250 1415 1374 1459 quae
1401 1414 1426 1442 e
1449 1398 1581 1442 mera

242 1489 579 1549 descriptione
615 1491 793 1552 agnitu
827 1488 1146 1534 difficiliores
1190 1499 1380 1543 essent,
1433 1503 1581 1548 quam

239 1579 482 1639 plurimas
537 1578 592 1623 in
644 1589 917 1640 angustum
971 1579 1239 1624 duodecim
1294 1577 1580 1622 tabularum

239 1670 474 1729 spatium,
512 1685 575 1713 ne
600 1669 761 1713 nimio
785 1668 980 1713 veniret
1000 1668 1204 1712 libellus
1223 1704 1233 1721 ,
1274 1682 1577 1728 cogeremus.

241 1763 400 1820 Quare
436 1770 482 1803 et
518 1758 576 1803 ab
605 1758 827 1820 Agaricis
864 1758 1075 1818 aliisque
1098 1756 1274 1819 fungis
1302 1755 1578 1814 majoribus

240 1849 410 1893 locum
436 1848 533 1893 sibi
557 1848 849 1909 ampliorem
875 1847 1201 1909 poscentibus
1223 1846 1423 1907 (paucis
1450 1862 1581 1890 exce-

238 1937 369 1998 ptis)
394 1954 602 1983 manum
629 1938 904 1993 abstinere,
943 1949 990 1983 et
1013 1937 1067 1981 in
1095 1936 1312 1999 singulis
1347 1936 1580 1981 iconibus

240 2027 438 2085 analysi
458 2028 704 2073 curatiore
737 2027 1131 2088 perfectioreque
1160 2026 1503 2087 praetermissa
1527 2041 1579 2069 ea

237 2117 526 2177 praecipue,
578 2134 701 2177 quae
739 2118 799 2162 ad
831 2118 1131 2178 ipsissimam
1172 2116 1450 2177 specierum
1483 2114 1581 2158 dia-

239 2207 425 2269 gnosin
470 2207 688 2251 maxime
731 2207 892 2252 facere
939 2207 1259 2261 viderentur,
1330 2205 1579 2250 delineare

240 2296 535 2341 consultum
585 2297 867 2342 habuimus.
963 2300 1028 2340 Et
1073 2295 1297 2354 exempla
1358 2294 1578 2354 quidem,

239 2397 487 2445 quantum
519 2384 634 2429 fieri
666 2386 858 2445 potuit,
905 2385 1121 2429 recentia
1157 2395 1302 2445 atque
1335 2383 1390 2427 in
1411 2383 1579 2428 medio

240 2475 411 2520 aetatis
455 2474 586 2520 flore
629 2475 820 2535 posita,
878 2475 932 2518 in
982 2473 1382 2518 adumbrationis
1430 2488 1580 2518 usum

239 2565 539 2627 selegimus:
579 2564 631 2609 in
658 2565 826 2626 paucis
855 2576 1021 2609 tamen
1048 2564 1130 2607 vel
1149 2562 1453 2607 Herbarium
1479 2578 1581 2621 my-

239 2655 527 2717 cologicum
581 2654 795 2711 siccum,
863 2653 1143 2716 fungorum
1196 2651 1578 2698 asservabilium
