1928 3051
579 370 970 419 FAMILIA
1024 386 1076 422 v.

321 495 1339 541 c'LAvAEFORMES.

708 653 944 661 ...---——

488 781 499 800 f

482 774 549 824 48.
623 776 1169 816 CLAVARIA.

550 892 588 921 A.
652 893 1104 926 nAMARIAE.

386 1001 430 1051 a)
519 999 1258 1044 Crassicaules.

254 1128 346 1182 849.
393 1130 439 1169 C.
479 1132 670 1185 crispa.

148 1204 333 1256 Fungum
362 1208 594 1257 speciosum
633 1221 680 1245 ac
708 1218 937 1246 memoratu
977 1208 1261 1261 dignissimum
1295 1211 1496 1252 Clavariis

149 1291 425 1330 congenerem
463 1293 579 1327 esse,
617 1282 716 1319 nulli
751 1296 924 1334 prorsus
962 1284 1088 1323 dubio
1118 1285 1368 1327 obnoxium:
1409 1288 1495 1326 sub-

147 1354 299 1391 stantia
333 1357 439 1393 enim
475 1358 616 1409 utique
656 1367 721 1396 est
756 1359 1039 1411 sequentium,
1092 1374 1290 1410 carnosa,
1338 1364 1493 1416 sapida,

147 1428 263 1481 gulae
300 1429 526 1470 blandiens.
591 1431 653 1470 Ac
692 1432 850 1471 etiamsi
888 1443 974 1471 tota
1015 1434 1325 1475 Crassicaulium
1362 1440 1496 1479 Sectio

149 1503 331 1552 (nostras
370 1507 508 1557 certe)
547 1505 678 1545 edulis
705 1507 750 1544 in
778 1507 935 1547 culinae
968 1522 1086 1548 usum
1115 1510 1350 1563 colligatur,
1389 1513 1494 1553 hanc

148 1587 283 1616 tamen
316 1593 416 1631 prae
452 1580 620 1633 reliquis
659 1584 865 1633 speciem,
918 1581 1084 1621 barbam
1122 1587 1333 1638 caprinam
1371 1589 1495 1638 (Zie-

144 1650 343 1705 genbart)
372 1654 491 1706 vulgo
520 1665 819 1707 nuncupatam,
860 1671 943 1696 non
970 1659 1080 1710 apud
1107 1672 1183 1698 nos
1213 1670 1366 1700 tantum
1383 1693 1392 1710 ,
1423 1677 1494 1702 ve-

144 1741 235 1765 rum
263 1738 306 1767 et
331 1731 375 1766 in
403 1729 571 1768 Silesiae
599 1730 833 1782 regionibus
861 1733 1088 1781 nonnullis,
1135 1737 1177 1772 in
1204 1735 1362 1777 deliciis
1393 1740 1495 1790 (nec

143 1801 375 1854 immerito)
415 1803 582 1843 habent.
650 1804 822 1843 Statura
858 1807 967 1846 haud.
1001 1821 1092 1847 raro
1132 1813 1277 1862 capitis
1307 1814 1490 1864 puerilis.

149 1876 272 1915 Color
309 1878 489 1926 albidus,
529 1879 710 1931 pallens,
751 1880 1013 1922 subflavidus.
1086 1883 1222 1923 Caulis
1257 1886 1490 1936 tuberosus,

143 1953 271 2004 pugni
306 1967 438 2005 paene
467 1956 508 1991 in
535 1954 759 2007 majoribus
797 1958 977 1996 crassitie
1014 1959 1200 2012 insignis.
1268 1962 1389 2001 Rami
1416 1978 1493 2002 nu-

143 2028 428 2075 merosissimi,
459 2031 501 2066 in
528 2028 720 2068 Foliorum
741 2030 912 2070 formam
939 2038 1180 2085 compressi,
1212 2037 1327 2076 valde
1351 2041 1489 2091 crispi,

141 2103 324 2154 margine
352 2105 393 2140 in
421 2116 504 2141 uno
534 2104 764 2157 eodemque
795 2109 1018 2158 specimine
1050 2108 1112 2146 alii
1143 2112 1404 2150 circumcirca
1431 2127 1492 2151 ar—

141 2186 236 2228 gute
277 2180 443 2225 serrati,
483 2179 548 2217 alii
584 2180 846 2232 inaequaliter
894 2181 1072 2230 dentati,
1123 2183 1189 2222 alii
1226 2185 1486 2238 integerrimi.

142 2249 293 2289 Forma
322 2255 444 2292 totius
472 2252 584 2305 fungi
611 2254 874 2306 utplurimum
902 2256 1094 2307 globosa,
1132 2262 1262 2298 rarius
1290 2261 1487 2300 anomala.

142 2325 328 2377 Copiose
356 2330 547 2378 provenit
573 2331 615 2365 in
643 2330 788 2380 pinetis
828 2331 914 2380 (vix
952 2329 1173 2384 abietinis),
1201 2338 1377 2382 nostris,
1418 2349 1489 2388 ap-

140 2402 274 2451 prime
303 2402 540 2441 siccioribus
571 2403 825 2443 colliculosis.
883 2406 1136 2457 Septembri,
1170 2409 1356 2447 Octobri.

245 2474 336 2514 850.
384 2476 432 2514 C.
473 2475 723 2517 formosa.

140 2548 335 2597 Pulchra,
370 2563 458 2588 rara
497 2551 645 2591 nobis:
686 2553 899 2605 aliquoties
929 2564 1063 2594 tamen
1091 2559 1254 2596 inventa
1282 2561 1325 2597 in
1352 2573 1486 2612 popu-

141 2622 255 2672 letis,
284 2624 499 2673 betuletis,
531 2628 700 2680 sylvisve
730 2631 860 2668 mixtis
890 2629 1092 2670 umbrosis
1122 2633 1360 2682 (Moholzer
1385 2635 1485 2673 Hai-

140 2696 211 2741 εἷος
241 2699 530 2753 Βαςαὶε]ιι“ὶ3ἐῖ,·
566 2701 802 2756 Obstberg).
857 2704 1044 2757 Augusto
1075 2717 1116 2746 et
1143 2721 1260 2761 seqq.
