1928 3051
1414 133 1466 173 63>

120 249 223 288 haec
271 253 456 298 viscosa,
509 254 734 304 augmentis
779 251 876 290 licet
918 253 1187 304 microscopii
1241 256 1463 304 compositi

121 327 289 364 summis
328 326 592 377 perlustrata,
639 340 808 378 prorsus
859 327 1096 378 amorpham
1133 340 1224 366 sese
1269 327 1460 376 exhibuit,

120 411 200 436 nec
244 399 455 438 tliecarum
505 414 769 452 sporarumve
828 401 1026 438 nudarum
1077 404 1289 453 vestigium
1339 402 1463 440 ullum

65 521 72 523 ν
121 477 381 517 monstravit;
413 474 527 527 quod
552 478 824 513 immaturitati
853 475 939 527 ejus
968 476 1250 527 imputandum
1278 490 1370 515 esse
1401 481 1461 515 vi—

120 544 249 584 detur.
304 548 353 585 In
390 562 562 599 prorsus
597 559 798 586 maturato
829 552 936 587 enim
962 548 1087 602 Fungo
1115 554 1269 589 semina
1298 551 1462 591 demum

119 621 288 671 perlici,
346 623 545 674 simulque
593 636 669 674 per
721 623 882 674 glutinis
933 627 1246 663 exsiccationem
1296 625 1463 665 liberata

119 696 160 731 in
186 699 322 733 aerem
350 695 542 733 fumando
570 696 754 742 avolare,
796 710 817 732 e
847 699 1001 747 speciei
1040 700 1327 748 praecedentis
1367 714 1461 739 anam

118 766 222 819 logia
259 781 357 806 vero
402 768 510 806 haud
548 768 727 807 absimile
764 780 839 808 est.
879 792 932 799 —
979 772 1095 808 Loco
1145 786 1220 810 suo
1271 777 1459 825 copiose.

119 841 343 880 Perennat:
375 845 481 895 viget
509 844 641 890 Maio,
672 845 819 881 Junio:
852 853 1004 882 aestate
1036 855 1078 883 et
1105 856 1297 884 autumno
1326 850 1368 885 in
1397 862 1462 887 se—

117 926 314 954 nescente
355 919 522 957 corticis
561 916 688 956 frusta
717 916 989 965 scutiformia,
1039 919 1261 958 admodum
1298 921 1463 960 demum

118 988 308 1037 friabssia,
351 990 503 1043 dilapsa
532 1002 730 1043 pereunt:
778 992 969 1041 nucleus,
1012 1003 1056 1031 ut
1082 996 1125 1031 in
1153 996 1205 1033 X.
1238 996 1353 1042 Fini,
1393 1010 1461 1035 ex—

119 1066 293 1103 siccatus
323 1065 586 1104 contrahitur.

227 1143 312 1193 174.
359 1140 415 1178 X.
457 1143 744 1180 acerinum.

483 1213 562 1263 ββ,
594 1214 806 1253 betulinum

116 1286 438 1327 Maculaeforme
469 1298 590 1327 tenue
619 1291 876 1342 applanatum
905 1291 1030 1330 laeve.
1100 1292 1292 1331 Maculae
1324 1298 1461 1347 nigrae

117 1358 329 1410 diffonnes
378 1362 510 1414 3—4
548 1364 768 1412 linearum,
816 1365 1090 1405 subl-otundae
1134 1368 1199 1405 vel
1243 1368 1456 1421 oblongae,

117 1447 304 1486 sparsae,
335 1451 506 1488 parcae,
537 1441 599 1476 vix
625 1453 819 1491 rugosae,
851 1441 1130 1491 planissimae,
1163 1441 1263 1480 folio
1293 1456 1368 1482 suo
1389 1457 1460 1495 pa-

114 1522 204 1546 rum
234 1513 477 1559 crassiores,
517 1516 614 1552 satis
652 1527 832 1565 opacae,
881 1514 1105 1553 substantia
1132 1519 1240 1555 intus
1269 1517 1358 1555 alba
1387 1518 1460 1556 du—

114 1584 288 1622 riuscula
316 1584 479 1624 farctae.
542 1588 814 1634 Discrimina,
861 1591 966 1626 inter
1005 1589 1110 1628 hanc
1140 1601 1180 1628 et
1208 1604 1291 1629 var.
1325 1607 1365 1639 α,
1397 1596 1459 1629 in-

115 1658 391 1706 tercedentia,
423 1663 537 1712 parvi
566 1675 662 1700 sane
691 1665 891 1700 momenti
920 1676 1033 1709 esse,
1077 1677 1155 1702 nec
1193 1666 1244 1703 ad
1273 1669 1458 1718 speciem

115 1733 380 1783 separandam
418 1734 609 1774 sufficere
648 1736 850 1774 videntur.
919 1737 1037 1776 Initia
1066 1738 1152 1790 ejus
1180 1743 1221 1777 in
1250 1740 1356 1779 foliis
1385 1741 1458 1779 be—

114 1807 248 1846 tulinis
277 1808 476 1860 projectis
505 1813 626 1848 siccis
655 1814 806 1862 passim
846 1823 1091 1859 occurrunt3
1132 1814 1205 1853 sed
1234 1817 1458 1867 specimina

112 1881 296 1932 perfecta
324 1883 547 1922 admodum
573 1898 660 1922 rara
692 1886 819 1924 semel
849 1896 1003 1924 tantum
1032 1887 1137 1927 lecta
1164 1888 1277 1929 fuere
1307 1891 1456 1940 (Ams-

113 1952 254 2012 dorfcr
282 1958 461 2009 Berge),
491 1959 628 1997 medio
657 1960 801 2011 Aprili.

223 2032 305 2082 175.
351 2035 407 2071 X.
449 2044 777 2085 punctatum.

114 2104 302 2142 Maculae
331 2109 598 2147 semunciales
628 2119 669 2147 et
696 2110 819 2157 ultra,
850 2120 983 2157 atrae,
1014 2110 1144 2148 forma
1173 2114 1333 2159 variae,
1366 2113 1456 2164 ple—

110 2192 283 2231 rumque
312 2190 446 2220 tamen
485 2183 782 2230 subrotundae;
831 2199 999 2236 quarum
1031 2183 1265 2242 superficies
1293 2197 1455 2238 praeter

111 2263 264 2304 puncta
291 2256 354 2293 vel
385 2256 592 2295 tubercula
630 2259 859 2308 prominula
892 2260 1088 2298 colliculis
1117 2264 1236 2298 etiam
1265 2261 1454 2312 applana-

114 2331 186 2374 tis,
219 2328 426 2382 oblongis,
467 2330 683 2378 flexuosis,
730 2335 838 2384 rugis
867 2333 1037 2384 plicisve
1066 2337 1357 2382 interstinctis‚
1389 2345 1453 2373 ut-

111 2403 328 2453 plurimum
357 2407 543 2457 insignita
572 2410 772 2444 cernitur:
814 2409 854 2444 in
890 2406 1058 2446 frustula
1086 2408 1248 2447 demum
1277 2424 1352 2461 per
1380 2409 1452 2448 fis—

112 2489 225 2516 suras
270 2481 397 2517 varias
445 2480 640 2532 dilapsam
678 2482 889 2533 aliquoties
926 2485 1165 2522 invenimus.
1243 2485 1453 2537 Frequens

111 2562 291 2603 occupat
329 2554 423 2591 folia
461 2555 570 2593 arida
610 2556 782 2594 decidua
819 2557 961 2594 Aceris
992 2557 1328 2610 Pseudoplccccmi,
1373 2573 1450 2597 new,

111 2625 195 2662 alia.
257 2627 490 2677 Autumno,
522 2643 641 2669 vere:
674 2631 876 2669 exoletum
904 2642 1071 2671 aestate.
