1928 3051
1437 213 1512 251 207

168 317 400 353 nemorosis
451 314 689 354 domesticis
725 315 789 353 vel
827 315 1087 355 hortensibus
1128 316 1441 374 (Cunnersclorf
1461 320 1512 357 ad

168 399 331 433 arcem3
365 387 490 439 See,·)
518 389 648 434 Julio,
680 390 874 440 Augusto.
910 392 915 397 ’

272 460 363 499 602.
410 461 460 499 A.
501 463 543 500 P.
580 476 786 514 pascua.

167 532 397 573 Substantia
431 548 598 587 aquosa.
670 537 800 573 Pileus
836 537 1056 574 admodum
1095 537 1256 590 fragilis.
1314 541 1510 593 Ejhsdem

121 636 129 642 .
166 606 270 645 haec
310 621 569 660 sequensque
609 609 778 648 familiae
817 612 1005 650 naturalis
1043 616 1264 664 participes
1294 626 1387 653 sunt
1417 631 1509 655 cum

166 680 323 730 Agarr.
353 682 397 720 G.
417 683 580 728 Pluteo,
612 697 741 728 mmo,
772 683 977 721 Flamma.
1020 686 1147 722 Color
1164 687 1260 742 pilei
1279 702 1387 727 nunc
1407 704 1510 742 opa-

166 756 256 791 cior
293 758 520 806 nigricans,
562 770 671 793 nunc
700 770 722 793 e
751 756 943 808 fuligineo
984 759 1149 808 pallens.
1205 761 1325 799 Amat
1363 771 1509 814 grami-

164 840 268 865 nosa
295 828 592 866 humidiuscnla
626 832 763 879 aprica
790 840 858 866 aut
886 830 1181 878 subumbrosa‚
1225 849 1325 886 quae
1358 843 1508 888 passim

163 900 307 938 incolit
334 900 444 939 haud
472 901 730 953 infrequens,
763 915 903 953 sparsa
929 904 992 941 vel
1021 904 1287 957 subgregaria‚
1323 918 1508 968 Septem-

163 973 248 1022 bri,
283 974 465 1012 Octobri.

145 1046 148 1047 ⁷
268 1047 359 1086 603.
406 1048 457 1086 A.
498 1049 542 1087 P.
585 1047 875 1100 fuliginea.'

161 1121 279 1159 Justo
319 1121 488 1161 Forsitan
526 1126 701 1174 propius
740 1124 901 1161 accedit
939 1124 989 1161 ad
1028 1126 1371 1176 praecedentem,
1411 1129 1507 1164 item

162 1193 382 1246 fragillima.
460 1196 591 1249 Stipes
627 1197 733 1235 haud
773 1211 864 1235 raro
905 1198 1106 1237 subteres.
1183 1201 1375 1238 Nascitur
1412 1200 1507 1238 hinc

162 1268 272 1306 illinc
301 1271 341 1305 in
369 1273 583 1320 gramineis
612 1271 839 1322 sylvaticis:
876 1281 1085 1310 autumno.

266 1342 358 1393 604.
404 1343 455 1381 A.
497 1345 542 1382 P.
586 1348 774 1383 caesia.

526 1417 607 1467 ββ,
638 1432 867 1472 argyropus

163 1492 347 1544 Fungum
375 1498 586 1539 nostrum,
627 1496 737 1531 notis
766 1493 948 1544 plurimis
987 1494 1186 1541 (statura,
1232 1493 1385 1541 forma,
1427 1498 1504 1533 situ

163 1566 448 1613 subsolitario,
497 1567 594 1618 pilei
631 1567 954 1618 lamellarumque
994 1568 1159 1613 colore,
1204 1571 1341 1619 stipite
1381 1572 1503 1619 cavo)

162 1653 251 1676 cnm
281 1642 400 1677 icone
434 1640 634 1679 Vahlirznti
675 1643 1010 1686 convenientem,
1053 1641 1136 1678 huc
1168 1642 1368 1679 collocare
1398 1643 1505 1680 haud

161 1713 446 1752 dubitavimus.
504 1714 732 1752 Substantia
762 1724 921 1760 tenera,
953 1717 1192 1765 praesertim
1221 1718 1261 1751 in
1289 1715 1399 1766 pileo
1428 1715 1504 1754 fra-

159 1788 319 1839 gillima.
362 1788 495 1840 Stipes
524 1798 635 1827 totus
659 1789 802 1834 laevis,
836 1789 1056 1834 candidus,
1087 1798 1326 1840 argenteus,
1358 1793 1502 1829 nitens.

161 1861 368 1899 Lamellae
414 1863 652 1909 distinctae,
709 1862 946 1901 nebulosae.
1032 1862 1164 1900 Pileus
1210 1863 1498 1914 planiusculus,

158 1949 245 1973 non
283 1936 554 1976 umbilicatus.
621 1937 819 1988 Sylvatica
858 1937 978 1974 nobis
1018 1951 1100 1974 var.
1143 1937 1327 1989 elegans,
1375 1947 1501 1975 terre-

158 2013 276 2057 stris,
326 2011 428 2050 locis
476 2011 680 2050 umbrosis
723 2011 1028 2049 humidiusculis
1069 2012 1303 2060 (stloholzer
1341 2011 1499 2062 Haide)

158 2087 330 2136 sparsim
360 2084 502 2131 obvia,
534 2087 712 2136 parcior.
772 2085 1026 2136 Septembri,
1060 2085 1250 2124 Octobri.

261 2158 350 2196 605.
396 2159 447 2196 A.
491 2159 534 2197 Ρ.
572 2169 826 2196 montana.

520 2247 590 2284 ’γ’γ,
623 2234 801 2269 coriaria

156 2305 361 2343 Aliorsum
401 2319 496 2344 sane
537 2307 639 2344 haec
678 2309 886 2358 pertinere
919 2305 1101 2343 videtur:
1145 2315 1184 2341 at
1219 2319 1366 2357 quum,
1416 2305 1497 2345 fre-

156 2393 286 2430 quens
316 2380 410 2417 olim
442 2383 483 2416 in
524 2384 680 2418 cortice
718 2383 890 2418 coriario
930 2379 1054 2428 (δεον
1091 2378 1381 2431 Lohgrulzen),
1422 2395 1499 2432 per

153 2455 393 2491 novissimos
429 2453 558 2492 hosce
596 2468 725 2493 annos
759 2468 844 2491 non
872 2454 1043 2504 amplius
1073 2457 1370 2504 comparuerit,
1413 2468 1496 2506 quo

154 2529 329 2578 primum
359 2531 572 2578 posuimus
599 2528 692 2566 loco
710 2559 718 2575 ,
751 2529 886 2566 donec
913 2531 1057 2566 iterum
1088 2531 1262 2565 curatius
1292 2527 1496 2566 observari

154 2604 358 2651 potuerit,
409 2601 689 2654 descriptione
727 2603 824 2641 licet
859 2602 1098 2654 imperfecta
1143 2601 1356 2653 apposita,
1402 2602 1495 2640 reli—

153 2675 354 2726 quendam
391 2676 590 2716 duximus.
659 2677 790 2715 Pileus
824 2676 1078 2716 semuncialis
1115 2675 1225 2723 fere,
1267 2675 1492 2715 subcarno—
