1928 3051
407 230 478 269 182

405 349 535 387 Pileus
571 349 733 387 demum
770 349 967 400 pallescit.
1035 350 1245 400 Frequens
1279 359 1449 402 utraque
1484 363 1567 390 var.
1602 352 1743 390 incolit

402 425 531 475 sylvas
560 423 773 460 umbrosas
801 422 1013 461 dumetave
1041 422 1249 462 frondosa.
1304 425 1418 476 Sept.
1452 426 1548 464 Oct.

506 498 596 545 524.
642 496 692 533 A.
733 496 788 533 G.
829 496 1158 535 discoideus.

402 570 531 607 Color
559 573 598 607 in
636 569 743 606 flisco
774 570 869 620 pilei
903 569 1142 621 Omphaliac
1168 570 1253 610 Fere
1289 571 1449 621 gilvae:
1490 574 1531 610 in
1558 573 1742 623 margine

400 643 579 690 albidus,
620 643 814 695 pallidus,
860 643 1099 682 flavescens.
1158 644 1367 682 Lamellae
1405 656 1582 684 tenerae.
1640 647 1743 684 Cre-

401 721 478 757 scit
507 721 548 755 in
583 718 769 756 abir-tinis
807 721 1011 757 muscosis
1051 718 1255 758 umbrosis
1294 719 1606 770 (Basalthiigek
1642 719 1741 758 Soh-

402 792 544 830 Iandei
593 794 725 843 Bet-0)
773 795 976 844 gregmius
1014 792 1077 830 vel
1114 793 1472 845 subcaespitosus,
1516 794 1591 832 sed
1626 803 1741 832 autu-

398 881 494 904 mno
523 870 637 912 sicco
668 870 906 906 1arissimus.
962 867 1098 905 Paullo
1130 868 1303 907 tardior:
1333 871 1470 920 vigens
1499 872 1762 920 pmeprimis·

402 941 587 980 Octobri.

502 1016 593 1055 525.
641 1017 690 1054 A.
734 1016 785 1053 G.
824 1016 1145 1068 clirysodon.

762 1089 841 1138 ssss’
873 1090 1064 1126 lcucodon

397 1164 621 1215 Discrepat
658 1177 738 1201 var.
778 1174 919 1201 nostra
956 1163 1005 1201 ab
1047 1178 1087 1209 α,
1129 1163 1234 1214 pileo
1273 1177 1446 1202 amoene
1485 1177 1667 1202 convexo
1700 1174 1741 1202 et

1706 1062 1717 1079 Χ

397 1241 636 1289 praesertim
683 1237 952 1275 flocculorum
998 1238 1271 1288 marginalium
1318 1237 1477 1289 villique
1516 1240 1558 1274 in
1590 1240 1739 1289 stipitis

397 1314 515 1363 apice
544 1311 745 1350 annularis
775 1311 916 1348 colore
944 1310 1058 1348 albo:
1097 1311 1250 1363 reliqua
1281 1315 1437 1358 omnia,
1477 1314 1595 1350 etiam
1625 1313 1739 1363 stipi-

397 1387 493 1438 picis
522 1385 851 1437 lamellarumque
883 1386 947 1434 (in
974 1388 1123 1424 nostris
1160 1385 1384 1436 nudarum)
1423 1385 1559 1432 color,
1601 1395 1740 1424 exacte

398 1463 663 1499 conveniunt.
730 1461 896 1497 Parcior
932 1459 1048 1498 adest
1075 1462 1116 1496 in
1142 1459 1379 1511 regionibus
1413 1462 1566 1498 nostris
1594 1459 1740 1511 fungus

397 1536 578 1587 elegans,
620 1538 661 1572 in
703 1534 908 1572 umbrosis
947 1536 1178 1572 nemorosis
1227 1536 1392 1572 nonnisi
1433 1533 1520 1572 bis*
1544 1533 1740 1572 hactenus

398 1609 684 1659 (Basaltlziigel
731 1611 985 1655 rarissimu53
1035 1607 1261 1646 Scamander
1307 1608 1418 1658 Berg
1464 1611 1615 1659 passim
1661 1607 1741 1646 fte-

397 1685 609 1736 quentior)
638 1693 843 1734 repertus.
901 1683 1083 1720 Exeunte
1113 1682 1344 1734 Septembri
1372 1692 1413 1720 et
1443 1681 1633 1720 Octobri.

499 1757 590 1795 526.
636 1758 686 1795 A.
729 1756 781 1794 G.
818 1756 1133 1799 rubescens.

396 1834 565 1883 Species
612 1830 817 1876 formosa,
866 1834 1006 1868 eximie
1051 1831 1235 1881 pulchra.
1319 1832 1453 1868 Totus
1498 1830 1739 1882 plerumque

395 1905 540 1957 fungus
571 1905 774 1957 eleganter
801 1904 982 1942 rubescit
1010 1907 1086 1950 ita,
1126 1914 1170 1942 ut
1196 1904 1323 1942 rubor
1352 1903 1616 1942 fundamento
1645 1904 1738 1942 albo

397 1983 510 2032 quasi
539 1979 782 2031 superflatus
811 1989 1027 2030 appareat.
1060 1978 1133 2017 sed
1162 1978 1265 2016 disci
1292 1981 1493 2016 intensiol
1513 1989 1576 2017 est
1604 1979 1736 2017 color.

398 2053 531 2107 Stipes
559 2067 688 2106 aeque
716 2067 763 2091 ac
793 2053 918 2105 pileus
948 2053 1063 2091 coelo
1100 2053 1293 2090 humente
1322 2052 1524 2099 lubricus,
1565 2053 1735 2100 solidus,

395 2128 554 2174 valens,
591 2128 643 2166 ad
679 2131 837 2165 unciani
879 2141 1008 2180 usque
1047 2130 1088 2164 in
1121 2126 1439 2178 perfectioribus
1477 2140 1637 2165 sursum
1674 2140 1767 2164 111—-

397 2212 613 2240 crassatus.
698 2202 834 2253 Sjlvas
882 2211 1059 2240 sectatul
1105 2204 1245 2239 mixtas
1292 2214 1480 2239 amoenas
1528 2200 1739 2240 umbrosas

395 2276 629 2326 (ssloholzcr
677 2276 810 2314 Haide
849 2277 945 2314 hinc
983 2276 1114 2322 illinc;
1163 2274 1387 2313 Solzlander
1430 2274 1511 2312 und
1552 2273 1738 2313 Lo‘bauer

395 2352 507 2402 Bet-g
534 2364 617 2389 non
645 2349 921 2402 infrequens).
980 2352 1092 2401 Sept.
1122 2353 1215 2387 Oct.
1698 2364 1716 2382 r

499 2426 586 2476 527.
631 2425 678 2463 A.
720 2425 774 2463 G.
818 2438 1222 2476 purpurascens
1261 2436 1428 2462 Noms.

394 2499 445 2535 Α.
481 2500 523 2536 (1'.
557 2498 890 2551 subcacspitosus,
937 2499 1040 2550 pileo
1082 2512 1248 2552 carnoso
1289 2497 1515 2535 siccius-culo
1552 2496 1736 2551 subsqua-

396 2573 542 2609 mulosu
574 2573 917 2624 connato-plano
957 2572 1070 2618 albo,
1109 2572 1216 2609 disco
1254 2583 1592 2624 purpurascente‚
1630 2586 1736 2608 mar-

399 2649 487 2697 gine
517 2648 629 2684 initio
661 2647 834 2685 involuto
867 2659 1096 2694 tome-ntem,
1135 2646 1301 2685 lamellis
1322 2644 1632 2684 subdistanzibus
1651 2644 1736 2683 sub-
