1928 3051
335 203 405 253 164

335 336 414 359 rem
453 321 687 360 distinctum
723 332 809 357 non
842 317 1211 357 animadvertimus.
1289 318 1337 356 In
1369 317 1490 370 sylvis
1525 330 1669 357 acero—

332 399 401 441 sis‚
431 398 616 447 apprime
638 395 769 446 pineis
785 422 794 440 ,
824 405 911 430 non
938 390 1174 444 infrequens
1201 393 1406 443 reperitur
1433 391 1570 431 med10
1599 405 1671 433 au-

332 480 486 507 [llllan.

433 541 524 594 469.
571 541 621 579 A.
668 539 722 578 G.
763 542 1006 578 rimosus.

330 618 459 668 Magis
489 629 511 654 e
540 616 740 654 sententia
773 614 911 652 nostr&
939 613 989 651 ab
1020 616 1260 666 insequente
1289 613 1497 665 discrepat
1524 613 1669 664 forma,

331 699 592 742 tegumento,
635 689 803 735 colore,
844 689 1018 735 stature,
1071 701 1190 740 quain
1229 697 1274 726 ut
1309 691 1449 739 specie
1489 701 1581 727 cum
1618 701 1670 727 eo

331 764 571 815 conjunctus
600 776 809 802 remanere
838 766 986 814 possit.
1054 763 1184 800 Pileus
1218 762 1468 801 acutiuscule
1501 765 1674 803 conicus

328 838 512 883 lutescit,
545 838 618 877 sed
647 838 724 876 rufi
753 838 906 876 coloris
934 851 1074 889 parum
1105 840 1145 874 in
1173 840 1326 876 nostris
1355 836 1573 878 admixtum
1601 836 1672 875 ha-

328 913 421 952 bet:
463 917 573 953 striis
612 913 745 964 paullo
776 912 1082 952 obscurioribus
1111 911 1455 963 longitudinaliter
1482 913 1670 958 rimosus,

331 998 514 1027 ceterum
542 988 684 1033 laevis,
718 989 813 1039 quin
841 986 1047 1039 glabellus.
1106 985 1315 1023 Lumellae
1337 985 1584 1036 argillaceae‚
1616 987 1674 1023 ci·-

329 1073 569 1101 nerascente
587 1082 603 1091 ν
623 1065 854 1113 pruinatae:
901 1062 1019 1111 stipes
1057 1060 1242 1104 dilutior,
1283 1058 1455 1110 pallidus
1483 1059 1547 1097 vel
1573 1058 1673 1096 albi-

331 1137 421 1176 dus.
481 1137 577 1174 Pilei
615 1149 752 1187 margo
790 1135 896 1173 haud
923 1147 1014 1172 raro
1046 1134 1137 1186 plus
1167 1136 1297 1171 minus
1326 1132 1501 1170 lobatus.
1559 1133 1674 1170 Loca

328 1220 433 1248 amat
470 1213 694 1260 graminosa
728 1208 1021 1246 humicliuscula
1061 1217 1272 1258 pratorum
1310 1219 1439 1257 aeque
1467 1218 1515 1243 ac
1545 1206 1674 1258 sylva-

326 1297 440 1329 rum,
481 1297 581 1335 quae
618 1285 782 1320 minime
821 1295 933 1320 rarus
971 1283 1121 1332 passim
1162 1280 1258 1318 colit
1285 1282 1528 1332 praecocior
1555 1293 1673 1332 prae-

330 1361 466 1398 sertim
493 1379 545 1387 —
572 1370 594 1395 a
622 1357 742 1394 Junio
774 1359 814 1393 in
843 1355 1095 1407 Septembris
1122 1353 1261 1392 finem.

431 1437 523 1482 470.
569 1432 620 1469 A.
659 1431 711 1468 G.
748 1429 920 1468 vialis.

327 1504 472 1544 Affmis
501 1505 779 1557 quadantenus
812 1503 1055 1542 Coi-tinariis
1082 1503 1274 1540 vaccinam
1294 1511 1335 1540 et
1362 1512 1579 1539 armatae:
1608 1501 1670 1554 ju·

327 1582 418 1617 nior
446 1579 657 1619 manifeste
686 1593 810 1630 saepe
849 1581 1084 1616 cortinatus.
1144 1577 1276 1614 Pileus
1304 1576 1667 1627 hemisphaericus‚

329 1653 476 1692 obtuse
507 1664 548 1691 et
574 1653 760 1692 obsolete
789 1652 1035 1691 umbonatus
1052 1682 1060 1698 ‚
1091 1652 1188 1689 hinc
1206 1651 1298 1689 inde
1322 1653 1520 1698 rimosus,
1552 1664 1672 1703 squa-

327 1731 403 1767 mis
432 1728 523 1780 plus
552 1731 683 1766 minus
713 1729 942 1779 squarrosis
971 1736 1120 1765 tectus.
1177 1724 1385 1763 Lumellae
1417 1738 1507 1762 cuin
1538 1727 1670 1776 stipite

328 1804 440 1840 initio
482 1801 636 1840 albidae
675 1802 853 1840 colorem
891 1801 1094 1852 paullatim
1134 1800 1231 1851 pilei
1259 1798 1445 1838 induunt.
1504 1799 1669 1837 Pervul-

328 1886 442 1928 gatus
480 1876 547 1914 hic
587 1885 650 1915 est
687 1878 838 1913 viarum
877 1878 1115 1927 praesertim
1154 1877 1194 1911 in
1234 1876 1382 1925 pinetis
1411 1860 1669 1911 aretiosarum

329 1949 512 1995 satelles,
552 1950 720 2002 glebulis
750 1949 826 1988 soli
856 1949 1026 1988 sordens
1044 1979 1053 1996 ‚
1092 1962 1236 2001 parum
1263 1957 1399 2000 gratus
1427 1951 1528 1987 visu.
1585 1948 1669 1986 Ae·

330 2034 432 2064 state
461 2034 631 2063 exeunte
662 2034 702 2062 et
729 2033 932 2062 autumno.

431 2103 524 2149 47¹·
570 2099 620 2136 A.
663 2097 716 2135 G.
760 2101 1029 2149 curvipes.

328 2173 472 2210 Parum
501 2172 762 2211 succulentus
792 2183 880 2219 est,
918 2172 1011 2210 inde
1041 2174 1136 2210 satis
1166 2169 1234 2209 diu
1261 2169 1529 2208 assera-abilis.
1588 2167 1668 2208 Sti·

326 2260 394 2298 pcs
422 2248 463 2284 in
489 2249 641 2285 nostris
670 2249 731 2284 vix
758 2246 981 2285 bulbosus:
1023 2258 1181 2282 statui-a
1220 2244 1501 2296 descriptione
1541 2243 1670 2296 Syno-

328 2334 450 2373 pseos
487 2321 666 2374 undique
704 2321 829 2372 duplo
865 2320 950 2359 fere
978 2323 1136 2366 minor,
1183 2333 1231 2358 ex
1257 2319 1354 2357 loco
1384 2317 1524 2357 Forsan
1550 2317 1669 2356 natali

327 2398 538 2433 macriore.
610 2397 709 2434 Non
758 2397 863 2434 enim
914 2397 991 2433 nisi
1029 2396 1071 2431 in
1108 2396 1262 2432 truncis
1308 2395 1510 2444 ramisque
1547 2391 1670 2431 aridis

329 2473 525 2508 emortuis
569 2470 696 2506 Hosne
736 2471 905 2506 caninae
946 2469 1142 2506 hactenus
1178 2455 1395 2519 aliquoties
1439 2467 1669 2517 (Thicmcn—

330 2540 447 2598 dorf;
488 2544 793 2595 Hiichenwiese)
831 2557 855 2581 a
880 2543 1002 2582 nobis
1030 2546 1243 2588 inventus,
1283 2552 1324 2580 et
1351 2543 1468 2581 variis
1506 2541 1670 2593 quidem

329 2621 420 2655 anni
450 2618 699 2670 temporibus
728 2639 780 2648 —
805 2619 940 2665 Maio,
969 2617 1104 2664 Julio,
1136 2615 1325 2656 Octobri.
