1928 3051
514 261 600 301 162.
648 262 701 299 H.
742 258 892 298 Rubi,

773 348 813 378 α,
846 330 990 368 nudum

770 405 849 455 ββ,
882 416 1125 444 crustaccum

408 484 570 534 Fungus
600 483 826 532 primitivus
856 490 964 518 totus
993 490 1056 519 est
1083 483 1323 527 immersus,
1352 480 1526 526 luchlus,
1556 479 1752 531 appiana-

408 567 497 602 tus,
548 556 733 601 clausus;
784 554 1010 607 primordia
1057 565 1190 593 tamen
1239 553 1434 592 labiorum
1471 557 1512 591 in
1548 553 1753 599 nonnullis

407 629 483 681 jam
515 639 750 668 cernuntur.
809 628 959 666 Forma
988 639 1072 666 tum
1101 631 1300 679 temporis
1331 629 1576 680 quandoque
1605 627 1753 680 gaudet

407 704 584 755 ellipt'mzi
624 705 841 755 (utrinque
880 702 1078 753 obtusa),
1117 705 1200 740 imo
1229 702 1507 749 subrotunda3
1548 715 1665 754 quam
1695 712 1752 740 ta-

406 792 501 816 men
531 781 572 815 in
599 777 746 816 adultis
775 791 992 829 numquam
1022 776 1342 816 observavimus.
1402 773 1646 832 Supersicics
1669 776 1753 828 gla-

408 852 503 900 bra,
534 854 661 891 rarius
690 855 862 903 sparsim
892 851 1177 897 tuberculosa‚
1209 850 1367 889 bullulis
1398 854 1510 903 quasi
1539 850 1750 901 adspersa.

416 927 611 963 Interiora
649 926 815 978 pulvere
858 925 1019 964 demum
1059 928 1194 976 griseo
1220 947 1240 954 -
1267 935 1402 963 terreo
1439 925 1596 976 repleta
1642 933 1751 971 sunt,

411 1004 478 1053 qui
506 1000 641 1052 paullo
670 1010 790 1052 post,
830 1000 938 1038 labio
976 1009 1151 1051 utroque
1188 998 1378 1037 diffracto
1413 1013 1461 1036 ac
1489 998 1673 1050 perdito,
1713 1000 1756 1036 in

413 1086 626 1114 ventorum
672 1074 888 1112 ludibrium
937 1074 1089 1112 cedens
1136 1074 1331 1111 maculam
1380 1072 1648 1112 concolorem
1685 1071 1755 1110 diu

410 1152 674 1200 superstitem
713 1148 916 1200 relinquit.
996 1148 1184 1199 VulgariS
1223 1147 1373 1199 ubique
1413 1149 1594 1185 occurrit
1631 1160 1672 1192 α,
1712 1148 1756 1184 in

408 1225 530 1262 ramis
559 1224 728 1261 vetustis
758 1221 1050 1273 semiputribus
1092 1222 1139 1258 R.
1162 1217 1378 1277 fruticosi:
1416 1223 1458 1257 in
1495 1218 1608 1258 Rubo
1638 1219 1754 1257 idaeo

409 1300 602 1350 parcior,
637 1296 773 1349 paullo
813 1295 964 1347 major,
1005 1294 1275 1334 subflexuosa.
1343 1295 1390 1333 In
1427 1293 1507 1343 ββ,
1548 1294 1751 1346 aliquanto

410 1375 569 1411 minore
606 1370 811 1409 individua
846 1370 1002 1423 aliquot
1039 1368 1133 1424 (3s6
1161 1368 1270 1420 fere)
1310 1383 1386 1421 per
1413 1369 1608 1408 maculam
1637 1382 1754 1407 com·

410 1460 573 1484 munem
613 1445 744 1483 albam
783 1454 1034 1483 crustaceam
1075 1447 1424 1496 circumscriptam
1463 1442 1754 1483 subrotundam

410 1521 472 1559 vel
502 1520 743 1571 oblongam,
775 1518 939 1555 tandem
967 1517 1242 1565 obliteratam,
1274 1521 1353 1556 situ
1375 1517 1566 1569 parallelo
1589 1531 1754 1570 sparsa:

412 1595 488 1634 sed
514 1594 668 1646 reliqua
697 1596 832 1631 omnia
860 1606 952 1630 cum
983 1607 1023 1638 α,
1059 1594 1319 1630 conveniunt.
1387 1591 1548 1631 Crescit
1585 1591 1686 1629 haec
1715 1595 1756 1628 in

413 1669 575 1706 ramulis
612 1670 729 1706 variis
770 1666 944 1716 <Salicis
981 1664 1121 1711 albae,
1173 1666 1272 1704 Vitis
1310 1661 1528 1721 viniferae,
1573 1665 1757 1704 Vaccinii

416 1741 622 1795 illyr-tim)
667 1743 886 1787 emortuis,
933 1753 1017 1779 non
1053 1739 1302 1792 infrequens.
1331 1761 1385 1769 —
1413 1740 1642 1785 Autumno,
1682 1740 1755 1779 sod

413 1818 599 1868 inprimis
628 1830 735 1854 vere.

524 1889 609 1928 163.
657 1890 711 1928 H.
755 1891 1082 1941 quercinum.

414 1965 559 2002 Rarius
596 1973 768 2001 rectum.
843 1964 1054 2014 Tempore
1091 1962 1241 2001 vernali
1278 1961 1448 1999 humido
1484 1961 1588 2000 laete
1617 1964 1756 2014 vigens

414 2039 596 2090 rimaque
633 2038 880 2089 amplissima
921 2033 1141 2075 dehiscens
1177 2035 1354 2073 nucleum
1383 2035 1562 2074 denudat
1590 2048 1636 2073 ex
1664 2035 1756 2074 albo

417 2115 739 2150 cinerascentem
790 2112 1036 2150 substantiae
1075 2114 1117 2149 in
1159 2124 1309 2163 genere
1352 2120 1498 2148 nostro
1545 2110 1757 2162 indigenae

417 2199 609 2224 ceraceae
637 2185 784 2225 mollis.
842 2187 956 2224 Loco
986 2199 1061 2224 suo
1090 2185 1324 2232 abundans,
1356 2197 1555 2236 perenne.

525 2260 612 2310 164.
659 2261 713 2298 H.
753 2260 1069 2299 abietinum.

783 2332 862 2382 ββ,
894 2333 1000 2371 Ledi

419 2407 583 2446 Coloris
611 2408 854 2447 rufescentis
881 2408 933 2446 nil
964 2421 1151 2457 umquam
1182 2409 1222 2444 in
1253 2405 1372 2459 Fungo
1400 2416 1545 2446 nostro
1569 2405 1761 2456 detegere.

418 2484 654 2532 potuimus,
685 2483 779 2520 inde
808 2496 856 2520 ac
885 2481 938 2520 ob
967 2482 1050 2520 loci
1077 2482 1216 2520 natalis
1252 2481 1567 2532 discrepantiam
1594 2482 1762 2516 varieta-

420 2557 470 2593 tis
506 2558 546 2592 in
585 2556 679 2594 loco
728 2570 821 2595 eum
860 2559 1142 2608 proponimus.
1222 2557 1394 2607 Sparsus
1433 2554 1495 2592 vel
1535 2551 1758 2599 confertus,

419 2639 580 2677 rectus,
620 2633 747 2669 rarius
785 2630 1092 2677 subflcxuosns,
1133 2632 1211 2667 situ
1241 2638 1378 2668 exacte
1405 2627 1595 2680 parallelo
1624 2639 1761 2666 erum-
