1928 3051
686 170 921 179 mm...
1172 174 1177 175 γ
1409 158 1460 200 70

117 268 295 306 aciculae
314 260 554 319 pun'ctoriae
576 266 794 305 minutulae
824 280 871 305 ex
898 269 1008 305 omni
1034 268 1167 318 capite
1195 260 1459 319 aequiparan-

119 341 195 389 da,
234 356 406 393 prorsus
441 341 664 394 prohibere
699 341 874 381 videtur.
929 341 979 381 In
1015 341 1114 380 fimo
1142 345 1309 394 equino.
1365 342 1460 380 Me·-

119 415 188 455 dio
216 417 239 454 J
245 419 355 456 unio.

422 555 480 580 10.
540 541 1156 580 SCLEROTIUM.

228 652 310 690 199.
353 639 395 676 S.
435 639 768 688 vaporarium
805 650 979 676 noxus.

120 710 163 750 S.
195 722 342 748 tectum
383 725 576 760 magnum
615 709 863 747 durissimum
900 711 1208 763 polymorphum
1240 709 1459 748 laeviuscu-

117 784 196 822 lum
217 781 465 840 fuscescens,
496 783 650 821 demum
680 794 939 834 corrugatum
973 785 1143 834 nigrum.

221 860 398 904 Statura,
431 857 574 904 color,
605 857 744 905 locus,
785 867 826 894 et
853 860 993 896 eximia
1022 859 1261 909 praesertim
1290 857 1458 898 durities

115 933 220 971 hanc
249 935 432 984 speciem
469 941 514 969 ut
541 945 562 968 a
592 931 934 983 subsequentibus
972 931 1298 983 sejungeremus,
1341 932 1458 971 nobis

116 1010 332 1059 persuasit.
399 1006 551 1043 Forma
581 1008 686 1044 varia
712 1027 766 1035 —
793 1005 1065 1057 subglobosa,
1109 1005 1311 1057 oblonga,
1349 1009 1458 1043 reni-

117 1080 284 1127 formis,
316 1080 575 1119 fabaeformis
606 1089 712 1118 etc.:
754 1079 857 1118 adeo
889 1090 1023 1118 tamen
1052 1079 1189 1118 lobato
1207 1103 1226 1109 -
1244 1079 1456 1129 difformis,

117 1167 165 1192 ac
194 1154 236 1193 S.
260 1150 484 1210 fungorum
514 1164 554 1192 et
583 1168 826 1200 mineorum,
859 1168 943 1193 non
972 1157 1166 1192 occurrit.
1225 1154 1458 1206 Longicuslo

116 1242 420 1280 nonnumquam
460 1230 627 1268 uncialis
656 1229 766 1268 Fere:
815 1227 986 1266 latitudo
1015 1226 1084 1281 4]ὶῖ
1112 1228 1320 1267 linearum.
1383 1229 1457 1268 Co-

118 1302 180 1341 lor
207 1317 229 1341 a
258 1306 398 1355 primis
428 1303 521 1341 inde.
549 1303 799 1341 incunabulis
821 1301 1059 1341 fuscescens
1080 1305 1121 1340 in
1143 1306 1299 1355 nigrum
1321 1302 1457 1356 paullo

117 1387 218 1429 post
245 1378 507 1429 utplurimum
537 1380 701 1424 transit;
733 1377 872 1416 fuscus
891 1380 931 1415 in
952 1380 1093 1428 paucis
1113 1380 1309 1429 persistit.
1358 1375 1458 1416 Sub-

117 1453 266 1488 stantia
305 1452 417 1497 alba,
465 1452 560 1490 dein
598 1452 777 1503 pallens,
826 1454 866 1489 in
900 1454 1185 1490 recentissimo
1220 1451 1299 1503 jam
1335 1450 1458 1503 fungo

115 1526 336 1563 admodum
376 1524 492 1563 firma
530 1529 571 1563 in
609 1528 784 1564 sicciore
822 1526 926 1564 adeo
964 1525 1210 1572 indurascit‚
1260 1535 1304 1563 ut
1341 1526 1458 1563 cultri

114 1602 243 1637 aciem
281 1603 442 1637 nonnisi
482 1613 679 1651 perquam
709 1599 926 1638 difficulter
953 1600 1149 1638 admittat.
1208 1599 1255 1637 In
1285 1602 1458 1638 seniori-

115 1672 190 1712 bus
229 1673 470 1725 superficies
508 1677 771 1726 rugosissima
810 1673 955 1712 evadit.
1014 1674 1138 1725 Degit
1165 1672 1266 1711 haec
1296 1677 1458 1725 speeies

112 1749 216 1785 intra
255 1751 450 1787 corticem
490 1751 744 1800 vaporarium
781 1748 907 1798 (Seer
943 1748 1107 1799 Allee),
1153 1747 1294 1786 leviter
1333 1758 1454 1796 tecta,

113 1820 319 1874 frequens.
377 1823 583 1861 Autumno
612 1833 653 1861 et
681 1826 920 1874 pracsertim
950 1836 1060 1861 vere.

218 1910 307 1934 zoo.
355 1898 393 1934 S.
436 1895 727 1949 fnngorum.

112 1970 187 2008 Est
215 1969 256 2008 S.
280 1966 505 2026 fungorum
537 1970 711 2024 Synops.
743 1972 774 2010 I.
807 1987 849 2024 p.
887 1985 983 2010 120:
1015 1972 1178 2010 excluso
1211 1983 1344 2009 tamon
1366 1985 1457 2025 syn-

113 2059 265 2097 onymo
301 2045 513 2090 Todeano,
555 2045 667 2098 quod
705 2047 850 2086 eoloris
890 2047 1053 2099 locique
1093 2047 1234 2085 caussa
1271 2049 1457 2098 sequenti

113 2122 269 2171 speciei
308 2120 429 2159 nobis
467 2119 667 2172 judicibus
710 2121 1005 2160 restituendum
1048 2124 1136 2159 erit.
1166 2143 1219 2150 —
1247 2121 1453 2167 Pallidum,

114 2193 277 2231 demum
308 2208 328 2231 e
359 2194 475 2231 badio
504 2194 686 2242 fuscum,
718 2195 920 2247 glabrum,
967 2195 1082 2232 valde
1110 2195 1351 2246 plerumque
1381 2194 1457 2232 dif—

113 2266 270 2314 forme,
310 2271 548 2319 saepissime
576 2269 762 2319 Agarict'-
788 2268 960 2306 tuber-osi
997 2270 1289 2306 nutrimentum
1315 2290 1369 2298 —
1395 2272 1455 2306 in—

115 2351 174 2379 tra
210 2342 474 2393 Agaricorum
514 2343 773 2394 putridorum
814 2343 988 2381 lamellas
1020 2356 1106 2381 non
1134 2343 1370 2395 infrequens
1399 2346 1456 2380 ni*

114 2415 287 2454 dolatur.
345 2416 570 2454 Autumno.

219 2502 306 2528 201.
354 2492 394 2528 S.
435 2491 846 2529 subterraneum
890 2490 1033 2529 Tofle.

480 2580 521 2611 α,
551 2579 776 2603 muscorum

474 2638 521 2688 β,
554 2650 781 2679 truncorum

1360 2747 1404 2771 Π»

1483 638 1564 670 Tab.
1598 637 1640 667 X.
