1928 3051
392 206 467 245 218
950 231 1183 240 .-...—....

392 328 431 362 in
478 323 678 362 ruder-‘itis
726 323 966 374 graminosis
1015 321 1221 361 umbrosis
1281 323 1448 372 (Daubs
1492 325 1731 377 Holzplatz)

391 400 604 449 quotannis
631 409 872 449 resurgens,
912 399 1141 448 gregarius,
1184 397 1535 450 subcaespitosus.
1598 399 1726 447 Maio,

389 473 526 509 Junio.

493 544 583 594 640.
630 544 680 582 A.
723 544 774 582 O.
818 543 1117 583 cochleata.

392 618 492 655 Pilei
529 617 659 656 forma
696 617 796 655 ludit
840 621 945 656 inter
989 618 1289 670 subregularem
1329 628 1369 656 et
1404 620 1520 658 valde
1567 620 1728 659 lobato-

389 702 535 730 tortam
563 713 615 721 —
653 692 764 729 color
802 694 906 730 inter
945 692 1186 743 expallidum
1222 692 1498 732 albescentem
1528 704 1571 732 et
1598 707 1729 746 opace

386 765 541 804 rufum:
581 767 699 817 stipes
726 780 836 804 nunc
865 766 1066 818 profunde
1096 767 1297 813 sulcatus,
1337 780 1446 806 nunc
1477 767 1563 806 fere
1592 767 1725 807 laevis.

392 840 505 879 Odor
534 850 753 887 constans,
793 840 946 886 dulcis,
983 844 1170 888 aniseus,
1209 851 1452 893 penetrans,
1483 842 1724 893 persistens,

386 918 542 954 eminus
572 918 612 952 in
641 915 760 967 sylvis
798 915 1114 967 percipiendus,
1156 916 1363 954 conclavia
1402 926 1488 953 tota
1525 915 1725 955 inficiens.

385 975 547 1041 Epixyla
574 992 753 1028 nascitur
781 991 821 1026 in
849 992 968 1028 ramis
999 990 1172 1042 coryleis
1190 1020 1198 1035 ‚
1228 990 1469 1042 populneis,
1499 990 1623 1028 alneis
1653 999 1728 1028 etc.

386 1063 670 1113 (Eulenwalch
713 1063 921 1101 Moltolzer
959 1063 1092 1101 Haicle
1130 1065 1310 1116 passim)
1347 1077 1439 1101 vnon
1475 1063 1724 1116 infrequens.

384 1138 626 1175 Praesertim
656 1137 852 1188 Augusto.

490 1210 580 1260 641.
627 1211 674 1248 A.
721 1212 773 1248 O.
813 1209 966 1248 bella.

385 1284 638 1331 Substantia,
679 1283 831 1330 forma,
872 1283 1060 1330 habitus,
1100 1297 1148 1322 ac
1185 1286 1424 1336 praeprimis
1453 1284 1576 1323 farina
1604 1286 1726 1324 semi-

384 1359 483 1398 nalis
522 1359 610 1397 alba
649 1357 885 1396 affinitatem
923 1358 1033 1409 fungi
1070 1358 1334 1409 pulcherrimi
1376 1360 1598 1398 naturalem
1634 1372 1726 1412 erga

388 1432 436 1471 0.
470 1429 731 1489 farinaceam
769 1442 810 1470 et
847 1432 1135 1485 amethystectm
1172 1433 1370 1484 produnt.
1446 1434 1510 1471 Cl.
1553 1435 1728 1471 Persoon

384 1507 566 1559 exempla
595 1510 759 1546 nonnisi
788 1509 941 1545 minora
969 1509 1184 1559 minusque
1213 1506 1422 1558 perfecta,
1464 1507 1592 1559 qualia
1620 1518 1662 1546 et
1688 1508 1731 1545 in

384 1585 536 1620 nostris
564 1582 832 1633 descriptioni
863 1580 950 1632 ejus
980 1591 1118 1619 exacte
1155 1581 1437 1632 respondent,
1481 1595 1618 1619 coram
1656 1582 1753 1637 lia-V

383 1654 493 1693 buit:
532 1665 571 1692 at
600 1655 668 1692 ubi
695 1658 737 1692 in
765 1656 963 1707 sylvarum
992 1655 1268 1706 penetralibus
1298 1665 1468 1693 truncos
1497 1654 1728 1706 putridissi-

383 1743 470 1768 mos
508 1729 718 1768 madentes
758 1730 962 1775 incolunt,
1010 1729 1137 1781 pileus
1174 1729 1225 1766 ad
1265 1728 1397 1766 2—3
1434 1742 1527 1766 unc.
1560 1738 1601 1765 et
1627 1729 1730 1767 ultra

384 1803 594 1850 dilatatur,
645 1803 807 1841 demum
847 1802 931 1841 fere
967 1803 1135 1854 planus,
1187 1815 1310 1854 saepe
1348 1804 1512 1841 nonnisi
1544 1802 1728 1841 obsolete

383 1877 661 1925 umbilicatus,
702 1877 920 1929 squamulis
960 1877 1201 1928 plerumque
1240 1878 1352 1927 quasi
1392 1876 1554 1927 fuligine
1583 1876 1727 1915 afflatis

383 1955 644 2002 conspicuus.
704 1950 837 2002 Stipes
867 1960 1103 1989 constanter
1125 1950 1373 1997 mediocriS,
1405 1950 1585 2002 ejusdem
1605 1964 1727 2001 pror-

383 2039 450 2064 sus
478 2039 526 2063 ac
555 2029 596 2062 in
629 2025 676 2063 0.
700 2021 924 2081 farinacea
959 2025 1123 2063 indolis.
1191 2024 1400 2062 Lameliae
1437 2024 1603 2075 pulvere
1633 2024 1726 2061 dein

382 2100 630 2151 spermatico
681 2099 885 2151 eleganter
933 2112 1183 2150 conspersae
1232 2097 1453 2135 Primnlam
1490 2097 1727 2135 Auriculam

380 2174 427 2211 L.
458 2172 598 2211 flavam
637 2171 779 2223 (gelbe
813 2169 1143 2226 weissgcpuderte
1170 2171 1393 2222 Attrilteln)
1419 2174 1461 2208 in
1488 2174 1727 2210 memoriam

379 2257 590 2286 revocant.
654 2247 829 2285 Minime
857 2246 1094 2299 infrequens
1122 2247 1221 2284 locis
1250 2259 1373 2297 supra
1401 2245 1521 2285 dictis
1549 2246 1726 2285 solitaria

380 2321 441 2359 vel
470 2323 698 2372 caespitosa
726 2331 896 2360 truncos
924 2320 1066 2359 incolit
1095 2319 1309 2366 abietinos‚
1339 2323 1491 2371 passim
1513 2330 1553 2357 et
1572 2322 1724 2372 pineos,

380 2399 486 2434 carie
523 2409 654 2447 paene
692 2408 833 2434 exesos
871 2395 932 2443 (v.
965 2408 1001 2432 c.
1035 2390 1154 2450 faule
1183 2394 1388 2437 Britcken;
1428 2394 1527 2431 hohe
1567 2394 1722 2437 Linde,-

381 2468 621 2514 Polsbrnch;
669 2469 877 2508 Moholzer
924 2467 1082 2512 Haide;
1126 2467 1328 2505 vei-lornes
1380 2468 1567 2518 PVasser)
1617 2468 1721 2520 Aug.

380 2553 420 2581 et
449 2557 565 2596 seqq.

483 2617 573 2667 (542.
619 2618 670 2655 A.
714 2618 765 2655 Ο.
809 2617 1111 2670 dryophila.

384 2690 511 2727 Pileus
546 2691 695 2738 laevis,
741 2692 953 2731 rufescens
992 2695 1034 2729 in
1074 2692 1250 2730 nostris:
1301 2688 1487 2728 lamellae
1533 2688 1720 2741 pallidae.
