<?xml version="1.0" encoding="UTF-8"?>
<!DOCTYPE html PUBLIC "-//W3C//DTD XHTML 1.0 Transitional//EN"
    "http://www.w3.org/TR/xhtml1/DTD/xhtml1-transitional.dtd">
<html xmlns="http://www.w3.org/1999/xhtml" xml:lang="en" lang="en">
 <head>
  <title>
</title>
<meta http-equiv="Content-Type" content="text/html;charset=utf-8" />
  <meta name='ocr-system' content='tesseract 3.04.00' />
  <meta name='ocr-capabilities' content='ocr_page ocr_carea ocr_par ocr_line ocrx_word'/>
</head>
<body>
  <div class='ocr_page' id='page_1' title='image "./conspectusfungor00albe_0247.png"; bbox 0 0 1928 3051; ppageno 0'>
   <div class='ocr_carea' id='block_1_1' title="bbox 1453 208 1529 245">
    <p class='ocr_par' dir='ltr' id='par_1_1' title="bbox 1453 208 1529 245">
     <span class='ocr_line' id='line_1_1' title="bbox 1453 208 1529 245; baseline 0.013 -1"><span class='ocrx_word' id='word_1_1' title='bbox 1453 208 1529 245; x_wconf 77' lang='lat'>215</span> 
     </span>
    </p>
   </div>
   <div class='ocr_carea' id='block_1_2' title="bbox 755 225 991 235">
    <p class='ocr_par' dir='ltr' id='par_1_2' title="bbox 755 225 991 235">
     <span class='ocr_line' id='line_1_2' title="bbox 755 225 991 235; baseline 0 2816"><span class='ocrx_word' id='word_1_2' title='bbox 755 225 991 235; x_wconf 95' lang='lat' dir='ltr'> </span> 
     </span>
    </p>
   </div>
   <div class='ocr_carea' id='block_1_3' title="bbox 293 315 1370 360">
    <p class='ocr_par' dir='ltr' id='par_1_3' title="bbox 293 315 1370 360">
     <span class='ocr_line' id='line_1_3' title="bbox 293 315 1370 360; baseline 0.002 -2"><span class='ocrx_word' id='word_1_3' title='bbox 293 320 384 360; x_wconf 75' lang='lat'>631.</span> <span class='ocrx_word' id='word_1_4' title='bbox 429 321 480 358; x_wconf 83' lang='lat' dir='ltr'>A.</span> <span class='ocrx_word' id='word_1_5' title='bbox 519 321 571 359; x_wconf 92' lang='lat' dir='ltr'>R.</span> <span class='ocrx_word' id='word_1_6' title='bbox 614 334 900 360; x_wconf 80' lang='lat' dir='ltr'>nauseosa.</span> <span class='ocrx_word' id='word_1_7' title='bbox 1359 315 1370 336; x_wconf 85' lang='lat'><strong><em>‘</em></strong></span> 
     </span>
    </p>
   </div>
   <div class='ocr_carea' id='block_1_4' title="bbox 184 394 1531 816">
    <p class='ocr_par' dir='ltr' id='par_1_4' title="bbox 184 394 1531 816">
     <span class='ocr_line' id='line_1_4' title="bbox 187 394 1531 449; baseline 0.004 -19"><span class='ocrx_word' id='word_1_8' title='bbox 187 394 415 444; x_wconf 74' lang='lat' dir='ltr'><strong>specimina</strong></span> <span class='ocrx_word' id='word_1_9' title='bbox 452 405 593 434; x_wconf 82' lang='lat' dir='ltr'>nostra</span> <span class='ocrx_word' id='word_1_10' title='bbox 633 396 909 447; x_wconf 75' lang='lat' dir='ltr'>descriptione</span> <span class='ocrx_word' id='word_1_11' title='bbox 944 395 1078 448; x_wconf 77' lang='lat' dir='ltr'>paullo</span> <span class='ocrx_word' id='word_1_12' title='bbox 1109 397 1276 449; x_wconf 69' lang='lat' dir='ltr'>majora.</span> <span class='ocrx_word' id='word_1_13' title='bbox 1335 398 1461 436; x_wconf 88' lang='lat' dir='ltr'>Color</span> <span class='ocrx_word' id='word_1_14' title='bbox 1488 403 1531 437; x_wconf 86' lang='lat' dir='ltr'>in</span> 
     </span>
     <span class='ocr_line' id='line_1_5' title="bbox 186 467 1530 520; baseline 0.004 -16"><span class='ocrx_word' id='word_1_15' title='bbox 186 476 276 505; x_wconf 86' lang='lat' dir='ltr'>toto</span> <span class='ocrx_word' id='word_1_16' title='bbox 306 467 430 520; x_wconf 72' lang='lat' dir='ltr'>Fungo</span> <span class='ocrx_word' id='word_1_17' title='bbox 461 469 675 515; x_wconf 87' lang='lat' dir='ltr'>sordidus,</span> <span class='ocrx_word' id='word_1_18' title='bbox 706 483 738 507; x_wconf 84' lang='lat' dir='ltr'>a.</span> <span class='ocrx_word' id='word_1_19' title='bbox 757 473 888 507; x_wconf 84' lang='lat' dir='ltr'>nitore</span> <span class='ocrx_word' id='word_1_20' title='bbox 917 474 1027 508; x_wconf 81' lang='lat' dir='ltr'>omni</span> <span class='ocrx_word' id='word_1_21' title='bbox 1054 482 1252 511; x_wconf 80' lang='lat' dir='ltr'>remotus.</span> <span class='ocrx_word' id='word_1_22' title='bbox 1312 472 1442 510; x_wconf 76' lang='lat' dir='ltr'>Pileus</span> <span class='ocrx_word' id='word_1_23' title='bbox 1470 476 1530 510; x_wconf 86' lang='lat' dir='ltr'>in—</span> 
     </span>
     <span class='ocr_line' id='line_1_6' title="bbox 184 539 1530 598; baseline 0.004 -20"><span class='ocrx_word' id='word_1_24' title='bbox 184 539 548 588; x_wconf 81' lang='lat' dir='ltr'>fundibuliformis,</span> <span class='ocrx_word' id='word_1_25' title='bbox 589 543 706 582; x_wconf 85' lang='lat' dir='ltr'>disco</span> <span class='ocrx_word' id='word_1_26' title='bbox 745 544 952 590; x_wconf 84' lang='lat' dir='ltr'>olivaceo,</span> <span class='ocrx_word' id='word_1_27' title='bbox 998 549 1178 597; x_wconf 72' lang='lat' dir='ltr'>margine</span> <span class='ocrx_word' id='word_1_28' title='bbox 1215 546 1338 583; x_wconf 87' lang='lat' dir='ltr'>dilute</span> <span class='ocrx_word' id='word_1_29' title='bbox 1371 560 1530 598; x_wconf 88' lang='lat' dir='ltr'>purpu-</span> 
     </span>
     <span class='ocr_line' id='line_1_7' title="bbox 185 615 1530 672; baseline 0.005 -20"><span class='ocrx_word' id='word_1_30' title='bbox 185 625 394 654; x_wconf 82' lang='lat' dir='ltr'>rascente:</span> <span class='ocrx_word' id='word_1_31' title='bbox 434 615 617 654; x_wconf 77' lang='lat' dir='ltr'><em>lamellae</em></span> <span class='ocrx_word' id='word_1_32' title='bbox 656 617 822 655; x_wconf 83' lang='lat' dir='ltr'>sordide</span> <span class='ocrx_word' id='word_1_33' title='bbox 850 618 999 657; x_wconf 78' lang='lat' dir='ltr'>flavae:</span> <span class='ocrx_word' id='word_1_34' title='bbox 1046 621 1164 671; x_wconf 75' lang='lat' dir='ltr'>stipes</span> <span class='ocrx_word' id='word_1_35' title='bbox 1191 620 1318 659; x_wconf 75' lang='lat' dir='ltr'>albus.</span> <span class='ocrx_word' id='word_1_36' title='bbox 1377 621 1423 658; x_wconf 89' lang='lat' dir='ltr'>In</span> <span class='ocrx_word' id='word_1_37' title='bbox 1452 622 1530 672; x_wconf 86' lang='lat' dir='ltr'>syl-</span> 
     </span>
     <span class='ocr_line' id='line_1_8' title="bbox 184 688 1529 747; baseline 0.003 -21"><span class='ocrx_word' id='word_1_38' title='bbox 184 691 244 727; x_wconf 82' lang='lat' dir='ltr'>vis</span> <span class='ocrx_word' id='word_1_39' title='bbox 281 693 462 729; x_wconf 81' lang='lat' dir='ltr'>accrosis</span> <span class='ocrx_word' id='word_1_40' title='bbox 503 692 565 740; x_wconf 84' lang='lat' dir='ltr'>(v.</span> <span class='ocrx_word' id='word_1_41' title='bbox 598 705 632 729; x_wconf 85' lang='lat' dir='ltr'>c.</span> <span class='ocrx_word' id='word_1_42' title='bbox 675 688 916 747; x_wconf 73' lang='lat' dir='ltr'>Quizslorfer</span> <span class='ocrx_word' id='word_1_43' title='bbox 955 693 1107 736; x_wconf 79' lang='lat' dir='ltr'>Busclz,·</span> <span class='ocrx_word' id='word_1_44' title='bbox 1149 694 1356 732; x_wconf 76' lang='lat' dir='ltr'>Moholzer</span> <span class='ocrx_word' id='word_1_45' title='bbox 1397 694 1529 732; x_wconf 67' lang='lat' dir='ltr'>Haide</span> 
     </span>
     <span class='ocr_line' id='line_1_9' title="bbox 186 765 572 816; baseline 0.003 -16"><span class='ocrx_word' id='word_1_46' title='bbox 186 766 292 814; x_wconf 79' lang='lat' dir='ltr'>etc.)</span> <span class='ocrx_word' id='word_1_47' title='bbox 322 765 426 816; x_wconf 83' lang='lat' dir='ltr'>Aug.</span> <span class='ocrx_word' id='word_1_48' title='bbox 458 766 572 815; x_wconf 84' lang='lat' dir='ltr'><strong>Sept.</strong></span> 
     </span>
    </p>
   </div>
   <div class='ocr_carea' id='block_1_5' title="bbox 288 888 1255 1024">
    <p class='ocr_par' dir='ltr' id='par_1_5' title="bbox 288 888 1255 1024">
     <span class='ocr_line' id='line_1_10' title="bbox 459 888 1255 942; baseline 0.004 -16"><span class='ocrx_word' id='word_1_49' title='bbox 459 891 504 939; x_wconf 84' lang='lat' dir='ltr'>e)</span> <span class='ocrx_word' id='word_1_50' title='bbox 564 888 1255 942; x_wconf 76' lang='lat' dir='ltr'>Chlorocephalac.</span> 
     </span>
     <span class='ocr_line' id='line_1_11' title="bbox 288 983 830 1024; baseline 0.004 -2"><span class='ocrx_word' id='word_1_51' title='bbox 288 983 378 1022; x_wconf 79' lang='lat'>632.</span> <span class='ocrx_word' id='word_1_52' title='bbox 424 984 474 1022; x_wconf 84' lang='lat' dir='ltr'>A.</span> <span class='ocrx_word' id='word_1_53' title='bbox 516 985 568 1023; x_wconf 83' lang='lat' dir='ltr'>R.</span> <span class='ocrx_word' id='word_1_54' title='bbox 609 984 830 1024; x_wconf 84' lang='lat' dir='ltr'><strong>furcata.</strong></span> 
     </span>
    </p>
   </div>
   <div class='ocr_carea' id='block_1_6' title="bbox 179 1057 1528 2075">
    <p class='ocr_par' dir='ltr' id='par_1_6' title="bbox 183 1057 1526 1187">
     <span class='ocr_line' id='line_1_12' title="bbox 185 1057 1526 1114; baseline 0.004 -19"><span class='ocrx_word' id='word_1_55' title='bbox 185 1057 319 1109; x_wconf 79' lang='lat' dir='ltr'>Sapor</span> <span class='ocrx_word' id='word_1_56' title='bbox 356 1062 396 1095; x_wconf 87' lang='lat' dir='ltr'>in</span> <span class='ocrx_word' id='word_1_57' title='bbox 432 1062 586 1097; x_wconf 79' lang='lat' dir='ltr'>nostriS</span> <span class='ocrx_word' id='word_1_58' title='bbox 622 1062 684 1096; x_wconf 88' lang='lat' dir='ltr'>vix</span> <span class='ocrx_word' id='word_1_59' title='bbox 709 1060 839 1098; x_wconf 82' lang='lat' dir='ltr'>ullus.</span> <span class='ocrx_word' id='word_1_60' title='bbox 911 1060 1072 1100; x_wconf 85' lang='lat' dir='ltr'>Crescit</span> <span class='ocrx_word' id='word_1_61' title='bbox 1106 1064 1148 1098; x_wconf 90' lang='lat' dir='ltr'>in</span> <span class='ocrx_word' id='word_1_62' title='bbox 1177 1061 1379 1114; x_wconf 71' lang='lat' dir='ltr'>sylvaticis</span> <span class='ocrx_word' id='word_1_63' title='bbox 1408 1064 1526 1101; x_wconf 79' lang='lat' dir='ltr'>variis</span> 
     </span>
     <span class='ocr_line' id='line_1_13' title="bbox 183 1131 1290 1187; baseline 0.005 -19"><span class='ocrx_word' id='word_1_64' title='bbox 183 1131 280 1170; x_wconf 84' lang='lat' dir='ltr'>hinc</span> <span class='ocrx_word' id='word_1_65' title='bbox 309 1134 403 1171; x_wconf 85' lang='lat' dir='ltr'>inde</span> <span class='ocrx_word' id='word_1_66' title='bbox 421 1163 429 1179; x_wconf 86' lang='lat'>‚</span> <span class='ocrx_word' id='word_1_67' title='bbox 461 1133 567 1170; x_wconf 83' lang='lat' dir='ltr'>haud</span> <span class='ocrx_word' id='word_1_68' title='bbox 596 1133 699 1171; x_wconf 79' lang='lat' dir='ltr'>adeo</span> <span class='ocrx_word' id='word_1_69' title='bbox 729 1134 980 1186; x_wconf 73' lang='lat' dir='ltr'><strong>infrequens.</strong></span> <span class='ocrx_word' id='word_1_70' title='bbox 1038 1136 1143 1186; x_wconf 79' lang='lat' dir='ltr'>Aug.</span> <span class='ocrx_word' id='word_1_71' title='bbox 1175 1137 1290 1187; x_wconf 82' lang='lat' dir='ltr'>Sept.</span> 
     </span>
    </p>

    <p class='ocr_par' dir='ltr' id='par_1_7' title="bbox 179 1206 1528 1704">
     <span class='ocr_line' id='line_1_14' title="bbox 287 1206 896 1247; baseline 0.005 -4"><span class='ocrx_word' id='word_1_72' title='bbox 287 1206 377 1244; x_wconf 74' lang='lat'>653.</span> <span class='ocrx_word' id='word_1_73' title='bbox 424 1207 474 1244; x_wconf 92' lang='lat' dir='ltr'>A.</span> <span class='ocrx_word' id='word_1_74' title='bbox 514 1208 563 1244; x_wconf 88' lang='lat' dir='ltr'>R.</span> <span class='ocrx_word' id='word_1_75' title='bbox 602 1211 896 1247; x_wconf 84' lang='lat' dir='ltr'>virescens.</span> 
     </span>
     <span class='ocr_line' id='line_1_15' title="bbox 181 1281 1528 1332; baseline 0.002 -14"><span class='ocrx_word' id='word_1_76' title='bbox 181 1281 346 1332; x_wconf 81' lang='lat' dir='ltr'>Fungus</span> <span class='ocrx_word' id='word_1_77' title='bbox 374 1292 518 1320; x_wconf 88' lang='lat' dir='ltr'>noster</span> <span class='ocrx_word' id='word_1_78' title='bbox 546 1282 704 1321; x_wconf 84' lang='lat' dir='ltr'>medius</span> <span class='ocrx_word' id='word_1_79' title='bbox 742 1296 834 1321; x_wconf 85' lang='lat' dir='ltr'>esse</span> <span class='ocrx_word' id='word_1_80' title='bbox 870 1283 1030 1321; x_wconf 85' lang='lat' dir='ltr'>videtur</span> <span class='ocrx_word' id='word_1_81' title='bbox 1067 1286 1172 1322; x_wconf 84' lang='lat' dir='ltr'>inter</span> <span class='ocrx_word' id='word_1_82' title='bbox 1201 1283 1528 1321; x_wconf 77' lang='lat' dir='ltr'>Bulliardiamcm</span> 
     </span>
     <span class='ocr_line' id='line_1_16' title="bbox 183 1355 1524 1410; baseline 0.004 -20"><span class='ocrx_word' id='word_1_83' title='bbox 183 1364 223 1391; x_wconf 83' lang='lat' dir='ltr'>et</span> <span class='ocrx_word' id='word_1_84' title='bbox 253 1355 592 1403; x_wconf 70' lang='lat' dir='ltr'>Persoonianum‚</span> <span class='ocrx_word' id='word_1_85' title='bbox 647 1370 739 1394; x_wconf 87' lang='lat' dir='ltr'>cum</span> <span class='ocrx_word' id='word_1_86' title='bbox 777 1357 844 1395; x_wconf 88' lang='lat' dir='ltr'>illo</span> <span class='ocrx_word' id='word_1_87' title='bbox 884 1371 1115 1410; x_wconf 81' lang='lat' dir='ltr'>congruens</span> <span class='ocrx_word' id='word_1_88' title='bbox 1158 1359 1268 1410; x_wconf 84' lang='lat' dir='ltr'>pileo</span> <span class='ocrx_word' id='word_1_89' title='bbox 1307 1358 1524 1410; x_wconf 75' lang='lat' dir='ltr'>depresso,</span> 
     </span>
     <span class='ocr_line' id='line_1_17' title="bbox 182 1429 1526 1485; baseline 0.003 -20"><span class='ocrx_word' id='word_1_90' title='bbox 182 1441 275 1466; x_wconf 83' lang='lat' dir='ltr'>cum</span> <span class='ocrx_word' id='word_1_91' title='bbox 304 1429 387 1467; x_wconf 88' lang='lat' dir='ltr'>hoc</span> <span class='ocrx_word' id='word_1_92' title='bbox 414 1432 524 1468; x_wconf 86' lang='lat' dir='ltr'>notis</span> <span class='ocrx_word' id='word_1_93' title='bbox 551 1430 716 1482; x_wconf 86' lang='lat' dir='ltr'>reliquis</span> <span class='ocrx_word' id='word_1_94' title='bbox 747 1432 961 1470; x_wconf 84' lang='lat' dir='ltr'>omnibus:</span> <span class='ocrx_word' id='word_1_95' title='bbox 1000 1435 1062 1470; x_wconf 81' lang='lat' dir='ltr'>vix</span> <span class='ocrx_word' id='word_1_96' title='bbox 1089 1436 1224 1484; x_wconf 80' lang='lat' dir='ltr'>itaque</span> <span class='ocrx_word' id='word_1_97' title='bbox 1257 1433 1427 1484; x_wconf 80' lang='lat' dir='ltr'>dignus,</span> <span class='ocrx_word' id='word_1_98' title='bbox 1460 1435 1526 1485; x_wconf 84' lang='lat' dir='ltr'>qui</span> 
     </span>
     <span class='ocr_line' id='line_1_18' title="bbox 180 1503 1526 1545; baseline 0.004 -6"><span class='ocrx_word' id='word_1_99' title='bbox 180 1503 243 1540; x_wconf 86' lang='lat' dir='ltr'>vel</span> <span class='ocrx_word' id='word_1_100' title='bbox 272 1506 503 1541; x_wconf 75' lang='lat' dir='ltr'>varietatem</span> <span class='ocrx_word' id='word_1_101' title='bbox 535 1508 765 1543; x_wconf 86' lang='lat' dir='ltr'>constituat.</span> <span class='ocrx_word' id='word_1_102' title='bbox 822 1506 971 1544; x_wconf 84' lang='lat' dir='ltr'>Rarior</span> <span class='ocrx_word' id='word_1_103' title='bbox 1006 1507 1149 1544; x_wconf 87' lang='lat' dir='ltr'>nobis:</span> <span class='ocrx_word' id='word_1_104' title='bbox 1195 1507 1394 1545; x_wconf 83' lang='lat' dir='ltr'>hactenus</span> <span class='ocrx_word' id='word_1_105' title='bbox 1421 1520 1526 1544; x_wconf 87' lang='lat' dir='ltr'>non-</span> 
     </span>
     <span class='ocr_line' id='line_1_19' title="bbox 179 1578 1525 1629; baseline 0.004 -17"><span class='ocrx_word' id='word_1_106' title='bbox 179 1578 257 1613; x_wconf 87' lang='lat' dir='ltr'>nisi</span> <span class='ocrx_word' id='word_1_107' title='bbox 286 1578 411 1615; x_wconf 77' lang='lat' dir='ltr'>semel</span> <span class='ocrx_word' id='word_1_108' title='bbox 439 1581 628 1616; x_wconf 82' lang='lat' dir='ltr'>inventus</span> <span class='ocrx_word' id='word_1_109' title='bbox 658 1582 698 1615; x_wconf 89' lang='lat' dir='ltr'>in</span> <span class='ocrx_word' id='word_1_110' title='bbox 729 1579 927 1618; x_wconf 77' lang='lat' dir='ltr'>fruticetis</span> <span class='ocrx_word' id='word_1_111' title='bbox 967 1579 1168 1618; x_wconf 77' lang='lat' dir='ltr'>frondosis</span> <span class='ocrx_word' id='word_1_112' title='bbox 1200 1581 1405 1619; x_wconf 84' lang='lat' dir='ltr'>umbrosis</span> <span class='ocrx_word' id='word_1_113' title='bbox 1437 1582 1525 1629; x_wconf 83' lang='lat' dir='ltr'>(am</span> 
     </span>
     <span class='ocr_line' id='line_1_20' title="bbox 182 1649 1054 1704; baseline 0.007 -19"><span class='ocrx_word' id='word_1_114' title='bbox 182 1649 380 1700; x_wconf 70' lang='lat' dir='ltr'>windigetz</span> <span class='ocrx_word' id='word_1_115' title='bbox 409 1652 584 1703; x_wconf 80' lang='lat' dir='ltr'><em>Damm)</em></span> <span class='ocrx_word' id='word_1_116' title='bbox 614 1655 778 1690; x_wconf 87' lang='lat' dir='ltr'>ineunte</span> <span class='ocrx_word' id='word_1_117' title='bbox 808 1654 1054 1704; x_wconf 75' lang='lat' dir='ltr'>Septembri.</span> 
     </span>
    </p>

    <p class='ocr_par' dir='ltr' id='par_1_8' title="bbox 284 1724 933 1775">
     <span class='ocr_line' id='line_1_21' title="bbox 284 1724 933 1775; baseline 0.006 -13"><span class='ocrx_word' id='word_1_118' title='bbox 284 1724 376 1775; x_wconf 69' lang='lat'>634.</span> <span class='ocrx_word' id='word_1_119' title='bbox 422 1726 474 1765; x_wconf 91' lang='lat' dir='ltr'>A.</span> <span class='ocrx_word' id='word_1_120' title='bbox 513 1727 565 1764; x_wconf 87' lang='lat' dir='ltr'>R.</span> <span class='ocrx_word' id='word_1_121' title='bbox 607 1726 933 1766; x_wconf 80' lang='lat' dir='ltr'>olivascens.</span> 
     </span>
    </p>

    <p class='ocr_par' dir='ltr' id='par_1_9' title="bbox 545 1799 797 1849">
     <span class='ocr_line' id='line_1_22' title="bbox 545 1799 797 1849; baseline 0.008 -13"><span class='ocrx_word' id='word_1_122' title='bbox 545 1799 625 1849; x_wconf 73' lang='grc' dir='ltr'>ββ,</span> <span class='ocrx_word' id='word_1_123' title='bbox 655 1801 797 1838; x_wconf 78' lang='lat' dir='ltr'>viridis</span> 
     </span>
    </p>

    <p class='ocr_par' dir='ltr' id='par_1_10' title="bbox 179 1872 1527 2075">
     <span class='ocr_line' id='line_1_23' title="bbox 182 1872 1523 1929; baseline 0.002 -18"><span class='ocrx_word' id='word_1_124' title='bbox 182 1872 248 1911; x_wconf 91' lang='lat' dir='ltr'>Ob</span> <span class='ocrx_word' id='word_1_125' title='bbox 279 1872 457 1911; x_wconf 78' lang='lat' dir='ltr'>lamellas</span> <span class='ocrx_word' id='word_1_126' title='bbox 485 1875 656 1926; x_wconf 85' lang='lat' dir='ltr'>pulchre</span> <span class='ocrx_word' id='word_1_127' title='bbox 684 1876 809 1914; x_wconf 84' lang='lat' dir='ltr'>luteas</span> <span class='ocrx_word' id='word_1_128' title='bbox 841 1875 921 1914; x_wconf 69' lang='lat' dir='ltr'>huc</span> <span class='ocrx_word' id='word_1_129' title='bbox 949 1875 1072 1913; x_wconf 76' lang='lat' dir='ltr'>relata</span> <span class='ocrx_word' id='word_1_130' title='bbox 1100 1874 1198 1929; x_wconf 81' lang='lat' dir='ltr'>fuit,</span> <span class='ocrx_word' id='word_1_131' title='bbox 1230 1877 1386 1915; x_wconf 83' lang='lat' dir='ltr'>etiamsi</span> <span class='ocrx_word' id='word_1_132' title='bbox 1407 1876 1456 1914; x_wconf 85' lang='lat' dir='ltr'>ab</span> <span class='ocrx_word' id='word_1_133' title='bbox 1483 1891 1523 1924; x_wconf 73' lang='lat' dir='ltr'>ct,</span> 
     </span>
     <span class='ocr_line' id='line_1_24' title="bbox 180 1947 1527 2000; baseline 0.002 -16"><span class='ocrx_word' id='word_1_134' title='bbox 180 1947 340 1985; x_wconf 83' lang='lat' dir='ltr'>differat</span> <span class='ocrx_word' id='word_1_135' title='bbox 367 1948 473 2000; x_wconf 83' lang='lat' dir='ltr'>pileo</span> <span class='ocrx_word' id='word_1_136' title='bbox 503 1949 619 1986; x_wconf 87' lang='lat' dir='ltr'>viridi</span> <span class='ocrx_word' id='word_1_137' title='bbox 647 1949 755 1996; x_wconf 86' lang='lat' dir='ltr'>fere,</span> <span class='ocrx_word' id='word_1_138' title='bbox 786 1964 929 2000; x_wconf 75' lang='lat' dir='ltr'>parum</span> <span class='ocrx_word' id='word_1_139' title='bbox 961 1950 1233 1995; x_wconf 72' lang='lat' dir='ltr'>olivascente,</span> <span class='ocrx_word' id='word_1_140' title='bbox 1263 1950 1376 1988; x_wconf 79' lang='lat' dir='ltr'>laevi.</span> <span class='ocrx_word' id='word_1_141' title='bbox 1432 1951 1527 1987; x_wconf 76' lang='lat' dir='ltr'>Par-</span> 
     </span>
     <span class='ocr_line' id='line_1_25' title="bbox 179 2022 1526 2075; baseline 0.002 -17"><span class='ocrx_word' id='word_1_142' title='bbox 179 2024 267 2059; x_wconf 82' lang='lat' dir='ltr'>cior</span> <span class='ocrx_word' id='word_1_143' title='bbox 294 2026 414 2060; x_wconf 80' lang='lat' dir='ltr'>item:</span> <span class='ocrx_word' id='word_1_144' title='bbox 445 2025 486 2059; x_wconf 90' lang='lat' dir='ltr'>in</span> <span class='ocrx_word' id='word_1_145' title='bbox 515 2023 717 2075; x_wconf 77' lang='lat' dir='ltr'>sylvaticis</span> <span class='ocrx_word' id='word_1_146' title='bbox 745 2026 875 2062; x_wconf 78' lang='lat' dir='ltr'>mixtis</span> <span class='ocrx_word' id='word_1_147' title='bbox 905 2023 1106 2063; x_wconf 78' lang='lat' dir='ltr'>umbrosis</span> <span class='ocrx_word' id='word_1_148' title='bbox 1128 2022 1384 2074; x_wconf 71' lang='lat' dir='ltr'>(Duheran).</span> <span class='ocrx_word' id='word_1_149' title='bbox 1442 2025 1526 2062; x_wconf 83' lang='lat' dir='ltr'>Pri-</span> 
     </span>
    </p>
   </div>
   <div class='ocr_carea' id='block_1_7' title="bbox 178 2097 524 2148">
    <p class='ocr_par' dir='ltr' id='par_1_11' title="bbox 178 2097 524 2148">
     <span class='ocr_line' id='line_1_26' title="bbox 178 2097 524 2148; baseline 0.012 -16"><span class='ocrx_word' id='word_1_150' title='bbox 178 2108 248 2134; x_wconf 83' lang='lat' dir='ltr'>mo</span> <span class='ocrx_word' id='word_1_151' title='bbox 277 2097 524 2148; x_wconf 83' lang='lat' dir='ltr'>Septembri.</span> 
     </span>
    </p>
   </div>
   <div class='ocr_carea' id='block_1_8' title="bbox 513 2248 1186 2278">
    <p class='ocr_par' dir='ltr' id='par_1_12' title="bbox 513 2248 1186 2278">
     <span class='ocr_line' id='line_1_27' title="bbox 513 2248 1186 2278; baseline 0.003 -2"><span class='ocrx_word' id='word_1_152' title='bbox 513 2248 542 2278; x_wconf 88' lang='grc' dir='ltr'>Ι.</span> <span class='ocrx_word' id='word_1_153' title='bbox 605 2248 1186 2278; x_wconf 74' lang='lat' dir='ltr'>OMPHALIAE.</span> 
     </span>
    </p>
   </div>
   <div class='ocr_carea' id='block_1_9' title="bbox 212 2341 1481 2496">
    <p class='ocr_par' dir='ltr' id='par_1_13' title="bbox 212 2341 1481 2496">
     <span class='ocr_line' id='line_1_28' title="bbox 640 2341 1057 2392; baseline -0.005 -13"><span class='ocrx_word' id='word_1_154' title='bbox 640 2343 688 2392; x_wconf 77' lang='lat' dir='ltr'>a)</span> <span class='ocrx_word' id='word_1_155' title='bbox 736 2341 1057 2379; x_wconf 72' lang='lat' dir='ltr'>Carnosae.</span> 
     </span>
     <span class='ocr_line' id='line_1_29' title="bbox 212 2442 1481 2496; baseline 0.002 -16"><span class='ocrx_word' id='word_1_156' title='bbox 212 2442 283 2494; x_wconf 72' lang='lat' dir='ltr'>aa)</span> <span class='ocrx_word' id='word_1_157' title='bbox 323 2443 731 2492; x_wconf 84' lang='lat' dir='ltr'>Flavescentes‚</span> <span class='ocrx_word' id='word_1_158' title='bbox 770 2444 1033 2496; x_wconf 81' lang='lat' dir='ltr'>pallidae,</span> <span class='ocrx_word' id='word_1_159' title='bbox 1075 2443 1360 2494; x_wconf 71' lang='lat' dir='ltr'>hepaticae</span> <span class='ocrx_word' id='word_1_160' title='bbox 1400 2453 1481 2482; x_wconf 85' lang='lat' dir='ltr'>etc.</span> 
     </span>
    </p>
   </div>
   <div class='ocr_carea' id='block_1_10' title="bbox 178 2549 1526 2751">
    <p class='ocr_par' dir='ltr' id='par_1_14' title="bbox 178 2549 1526 2751">
     <span class='ocr_line' id='line_1_30' title="bbox 283 2549 1147 2590; baseline -0.001 -3"><span class='ocrx_word' id='word_1_161' title='bbox 283 2549 374 2588; x_wconf 78' lang='lat'>635.</span> <span class='ocrx_word' id='word_1_162' title='bbox 421 2550 474 2588; x_wconf 92' lang='lat' dir='ltr'>A.</span> <span class='ocrx_word' id='word_1_163' title='bbox 515 2551 567 2589; x_wconf 90' lang='grc' dir='ltr'>Ο.</span> <span class='ocrx_word' id='word_1_164' title='bbox 606 2555 818 2589; x_wconf 74' lang='lat' dir='ltr'>maxima</span> <span class='ocrx_word' id='word_1_165' title='bbox 863 2552 1147 2590; x_wconf 60' lang='lat' dir='ltr'>Weccerav.</span> 
     </span>
     <span class='ocr_line' id='line_1_31' title="bbox 178 2621 1521 2680; baseline 0.001 -19"><span class='ocrx_word' id='word_1_166' title='bbox 178 2624 300 2676; x_wconf 77' lang='lat' dir='ltr'>-Agar,</span> <span class='ocrx_word' id='word_1_167' title='bbox 348 2627 555 2676; x_wconf 83' lang='lat' dir='ltr'>giganteus</span> <span class='ocrx_word' id='word_1_168' title='bbox 603 2625 742 2678; x_wconf 78' lang='lat' dir='ltr'>Leyss.</span> <span class='ocrx_word' id='word_1_169' title='bbox 792 2624 1173 2663; x_wconf 75' lang='lat' dir='ltr'>infundibuliformis</span> <span class='ocrx_word' id='word_1_170' title='bbox 1223 2621 1380 2680; x_wconf 85' lang='lat' dir='ltr'>Hoffm.</span> <span class='ocrx_word' id='word_1_171' title='bbox 1457 2623 1521 2662; x_wconf 85' lang='lat' dir='ltr'>Cf.</span> 
     </span>
     <span class='ocr_line' id='line_1_32' title="bbox 179 2698 1526 2751; baseline 0.001 -17"><span class='ocrx_word' id='word_1_172' title='bbox 179 2698 303 2735; x_wconf 82' lang='lat' dir='ltr'>Flora</span> <span class='ocrx_word' id='word_1_173' title='bbox 337 2700 561 2738; x_wconf 70' lang='lat' dir='ltr'>Wetcerav.</span> <span class='ocrx_word' id='word_1_174' title='bbox 591 2700 713 2738; x_wconf 82' lang='lat' dir='ltr'>Tom.</span> <span class='ocrx_word' id='word_1_175' title='bbox 744 2700 820 2739; x_wconf 83' lang='grc' dir='ltr'><strong>ΙΙΙ.</strong></span> <span class='ocrx_word' id='word_1_176' title='bbox 852 2700 896 2738; x_wconf 84' lang='grc' dir='ltr'>Ρ.</span> <span class='ocrx_word' id='word_1_177' title='bbox 918 2699 972 2738; x_wconf 89' lang='grc' dir='ltr'>Π.</span> <span class='ocrx_word' id='word_1_178' title='bbox 1004 2712 1095 2751; x_wconf 76' lang='lat' dir='ltr'>pag.</span> <span class='ocrx_word' id='word_1_179' title='bbox 1118 2698 1206 2751; x_wconf 76' lang='lat'>529.</span> <span class='ocrx_word' id='word_1_180' title='bbox 1261 2700 1427 2750; x_wconf 76' lang='lat' dir='ltr'>Fungus</span> <span class='ocrx_word' id='word_1_181' title='bbox 1456 2698 1526 2736; x_wconf 78' lang='lat' dir='ltr'>ad-</span> 
     </span>
    </p>
   </div>
  </div>
 </body>
</html>
