1928 3051
370 160 439 199 115
914 183 1146 192 ..............-..

468 279 556 317 321.
600 279 651 316 A.
694 277 850 314 Galii.

729 349 810 399 ββ,
841 348 1071 401 ambiguum

369 427 602 478 oblongum
631 425 696 462 vel
726 424 1025 463 subrotundtun
1054 437 1321 476 purpureum,
1355 425 1522 477 pericliis
1550 426 1709 475 albidis,

367 502 532 552 pulvere
560 498 681 537 flavo.
748 499 915 536 DJacula
954 499 1192 551 applanata;
1241 502 1356 536 initio
1393 499 1564 550 pallida,
1617 500 1713 538 dein

368 586 697 626 purpurascens,
752 575 924 624 opacior
972 573 1160 619 demum,
1216 573 1463 612 l'uscescens.
1548 573 1734 612 Peridia*

369 661 530 699 sparsa,
569 650 697 685 rarius
725 657 959 699 aggregata,
1002 647 1183 685 dentata:
1214 647 1342 697 pulvis
1378 647 1532 694 flavus,
1573 651 1614 685 in
1642 661 1713 686 au-

368 725 539 759 rantium
578 735 765 773 vergens.
832 722 1026 759 Nostram
1064 721 1182 767 inde,
1234 724 1405 773 propius
1443 721 1496 759 ad
1531 721 1584 759 A.
1617 722 1714 760 Pre-

372 795 530 832 nanthis
561 809 677 847 quam
711 796 886 832 Rumicis
914 795 1204 843 accedentem,
1239 795 1288 832 ab
1319 811 1358 841 tx,
1391 799 1487 834 satis
1517 797 1715 834 diversam

371 882 462 907 esse
491 879 628 920 patet:
672 869 726 907 ob
760 870 843 907 loci
882 880 1015 908 tamen
1049 869 1283 908 affinitatem
1313 869 1394 908 huc
1426 873 1621 921 tantisper
1648 884 1715 908 re-

372 940 448 982 lata
476 943 574 988 fuit,
607 947 847 995 praesertim
877 957 968 981 cum
1001 958 1041 989 a,
1074 958 1206 981 recens
1236 944 1444 982 coloribus
1474 945 1613 982 saltem
1642 947 1717 981 mi-

371 1031 447 1055 nus
485 1018 650 1057 absonis
690 1017 866 1069 gaudere
904 1017 1084 1068 putanda
1123 1021 1188 1056 sit.
1256 1018 1305 1055 In
1333 1029 1479 1057 nostro
1510 1021 1615 1057 enim
1645 1032 1717 1070 ge·

372 1104 470 1130 nere
500 1092 682 1142 exempla
711 1095 844 1137 sicca,
892 1091 1020 1143 qualia
1057 1092 1107 1129 cl.
1143 1093 1317 1128 Per-soon
1354 1105 1491 1129 coram
1526 1092 1717 1131 habuisse

372 1166 554 1211 videtur,
589 1165 764 1203 maculas
793 1165 900 1202 haud
928 1178 1021 1202 raro
1052 1168 1296 1216 opaciores,
1336 1165 1544 1215 pulverem
1575 1176 1718 1205 contra

374 1238 613 1290 expallidum
631 1267 641 1284 ,
673 1238 894 1277 ostendere
923 1238 1069 1277 solent.
1128 1240 1317 1290 Legimus
1343 1239 1448 1277 hanc
1476 1240 1528 1277 ad
1556 1239 1718 1279 dumeta

373 1311 568 1350 umbrosa
604 1312 704 1350 elata
745 1311 873 1362 (See)
909 1315 952 1349 in
995 1311 1110 1350 (iulio
1137 1312 1324 1364 Aput-ine
1356 1316 1507 1364 passim
1535 1314 1721 1367 epiphyl-

376 1387 479 1424 lam:
510 1385 706 1432 similem,
739 1386 812 1424 sed
841 1386 976 1437 paullo
1003 1386 1168 1425 dilutius
1197 1387 1439 1434 coloratam,
1470 1387 1574 1427 locis
1601 1389 1722 1426 accli-

376 1460 492 1498 vibus
536 1459 725 1498 herbosis
766 1461 896 1510 (inter
946 1457 1228 1516 Rengcrsdmf
1263 1472 1300 1498 et
1342 1459 1642 1519 Cunnersdotf)
1679 1465 1722 1502 in

382 1534 428 1572 G.
458 1533 655 1587 sylvatico
684 1533 956 1585 frequentem.
1013 1535 1161 1582 Junio,
1193 1536 1312 1573 Julio.

483 1607 574 1646 322.
619 1607 670 1645 A.
711 1608 973 1647 Rulnicis.

743 1680 790 1730 β,
824 1681 1102 1720 Grossulariae

745 1769 817 1807 77,
849 1755 1085 1794 Sem-atalae

379 1829 557 1868 Rubedo
587 1831 628 1866 in
654 1827 700 1877 β,
731 1830 910 1867 maculae
941 1833 1157 1881 sanguinea
1186 1829 1398 1869 centralis:
1432 1844 1572 1883 margo
1600 1830 1723 1871 flave-

381 1914 522 1943 scente
539 1926 558 1932 —
575 1903 761 1954 pallidus.
821 1904 982 1942 Crescit
1009 1907 1050 1941 in
1073 1904 1178 1942 foliis
1205 1904 1484 1942 Grossulczriae
1502 1909 1653 1957 passim
1673 1927 1727 1936 -

385 1976 494 2015 Hibis
524 1976 635 2014 rubri
665 1978 731 2026 <in
759 1977 881 2016 horto
909 1981 1082 2029 nostro)
1122 1981 1264 2016 rarior.
1332 1979 1427 2016 var.
1456 1993 1526 2031 Ὑγ,
1557 1981 1725 2022 maculis

381 2054 623 2104 praesertim
679 2051 929 2099 minoribus,
983 2052 1198 2090 obscurius
1244 2052 1531 2104 sordidiusque
1585 2057 1723 2105 pictis,

381 2126 518 2165 distat.
587 2125 777 2164 Maculae
824 2126 1027 2165 solitariae
1068 2127 1357 2165 crassiusculae
1398 2126 1726 2168 suborbiculares

382 2213 404 2238 e
433 2199 523 2238 rufo
553 2199 716 2247 fuscae,
747 2203 927 2253 margine
955 2201 1137 2252 pallidae.
1196 2200 1362 2238 Perfidia
1391 2200 1518 2239 dense
1546 2202 1726 2252 plerum—

383 2288 461 2326 que
492 2273 696 2322 conferta,
728 2288 870 2326 parum
895 2275 1148 2326 prominula,
1180 2276 1384 2326 pallentia.
1441 2275 1488 2313 In
1513 2285 1631 2326 prato
1652 2275 1728 2314 hu-

381 2348 624 2387 midiusculo
656 2349 996 2400 (Hungersnoth)
1036 2349 1131 2387 folia
1164 2350 1353 2388 radicalia
1389 2349 1626 2388 SerratuIae
1653 2351 1729 2387 tin-

386 2424 538 2459 ctoriae
564 2426 728 2461 minime
756 2437 881 2476 parca
907 2424 1065 2462 incolit.
1131 2425 1256 2476 Viget
1293 2434 1464 2476 utraque
1502 2438 1585 2464 var.
1614 2425 1727 2463 Maio

386 2506 428 2535 ct
454 2497 589 2534 Junio.

490 2569 582 2608 523.
629 2571 680 2609 A.
723 2572 1064 2612 Prenanthis.

389 2645 557 2683 Macula
583 2658 706 2684 rosea
733 2646 795 2684 vel
825 2646 949 2684 dilute
978 2660 1207 2698 piu-purea;
1249 2644 1409 2697 peridia
1438 2659 1579 2698 sparsa
1606 2660 1729 2699 saepe
1769 2678 1778 2680 ἡ
