1928 3051
232 2196 312 2227 Tab.
328 2196 391 2227 111.

275 2260 297 2289 f.
322 2261 351 2289 (5.

391 161 443 211 74

394 276 458 316 Cf.
494 275 602 314 Tode
623 271 744 330 sung.
776 272 887 312 mekl.
918 272 951 312 Ῑ.
993 287 1036 324 p.
1067 271 1106 311 3.
1136 276 1172 322 4.
1235 272 1335 311 Var.
1370 287 1412 319 α,
1449 281 1532 311 tota
1557 284 1731 313 amoene

395 353 522 397 lutea,
573 359 686 388 extus
716 352 905 399 intusque
934 346 1159 392 concolor,
1206 344 1305 384 locis
1334 345 1540 397 paludosis
1571 348 1735 400 sylvati-

397 429 454 463 cis
472 454 480 470 ‚
520 435 614 461 mox
643 424 752 459 circa
778 433 1014 459 muscorum
1047 419 1244 457 radiculas
1273 420 1601 471 conglomerata,
1642 435 1737 460 mox

395 498 512 549 lignis
543 495 719 533 obtectis
746 493 919 532 madidis
948 492 1280 545 putrescentibus
1308 493 1548 541 inhaerens,
1586 498 1737 546 passim

397 573 578 609 occurrit
614 570 755 615 Maio,
796 568 934 605 Junio.
1002 567 1064 605 Ita
1092 577 1133 604 et
1158 565 1206 615 β,
1247 567 1343 605 hinc
1379 567 1473 605 inde
1510 571 1735 616 invenitur,

398 644 539 695 major,
571 643 674 681 adeo
695 654 838 693 magna
867 651 1014 687 tamen,
1044 654 1092 678 ac
1121 654 1232 679 suam
1262 644 1390 692 pinxit
1409 641 1447 679 b.
1477 640 1598 688 Tode,
1631 655 1738 680 non-

399 717 494 761 duin
522 717 643 755 nobis
670 719 776 763 visa;
809 725 921 754 extus
949 714 1051 753 laete
1080 713 1194 761 flava,
1227 715 1364 753 colore
1387 715 1560 766 pulchre
1582 716 1738 754 rubello

399 794 440 829 in
469 790 673 829 nonnullis
701 793 851 842 passim
882 788 1035 835 afflata,
1066 791 1172 827 intus
1200 789 1306 835 alba,
1339 792 1400 826 vix
1429 789 1598 840 pallens.
1655 790 1740 827 Lo-

402 869 459 904 cis
488 864 768 910 madentibus,
802 865 1029 914 ipsissiinae
1059 876 1182 914 saepe
1209 876 1336 915 aquae.
1364 866 1576 909 inunersa,
1618 872 1738 910 tecta,

405 942 512 977 circa
540 949 779 976 truncorum
808 937 967 975 radices
996 947 1037 974 et
1063 937 1170 975 alibi.
1227 938 1394 975 Aestate
1415 948 1455 976 et
1483 947 1689 975 autumno.

509 1025 599 1051 202.
647 1014 686 1050 S.
730 1012 932 1049 durum.

403 1088 684 1138 Depressum,
716 1085 1034 1136 planiusculum,
1066 1084 1608 1136 oblongo-subanomalum.
1647 1085 1745 1122 Cau·

405 1161 463 1199 les
491 1160 625 1198 aridos
661 1169 766 1196 amat
803 1159 1146 1204 Umbellatarum,
1191 1158 1377 1203 Cicutae,
1427 1158 1743 1212 Chaerophyllo-

407 1249 493 1272 rum
531 1244 612 1272 etc.
654 1235 695 1270 in
733 1232 877 1284 quibus
916 1232 1212 1283 praecellenter
1247 1235 1444 1270 nutritur:
1494 1232 1567 1270 sed
1604 1235 1746 1284 ingens

407 1311 546 1355 etiam,
576 1307 627 1346 ad
657 1309 815 1345 unciam
844 1320 973 1358 usque
1003 1306 1190 1357 longum,
1221 1309 1470 1344 semunciam
1497 1306 1641 1353 latum,
1672 1320 1747 1358 pa-

406 1383 541 1421 rallele
579 1382 697 1421 simul
733 1391 774 1419 et
810 1379 1015 1432 profunde
1052 1380 1272 1427 sulcatum,
1317 1380 1528 1421 habuimus
1566 1394 1605 1420 v.
1637 1394 1675 1420 c.
1705 1383 1747 1418 in

406 1456 534 1494 Alce&
563 1455 677 1493 roseti
706 1466 783 1495 etc.
814 1456 1047 1501 Autumno,
1077 1455 1246 1507 hyeme,
1277 1468 1387 1494 vere.

513 1529 603 1568 203.
650 1531 689 1568 S.
734 1530 1150 1581 complanatum.

408 1603 542 1642 Modo
573 1603 738 1650 sessile,
768 1602 896 1640 modo
927 1603 1253 1654 substipitatum:
1293 1604 1621 1651 teretiusculuin,
1652 1603 1750 1642 dum

410 1680 450 1716 vi
477 1678 583 1716 vitali
610 1677 879 1728 vigentissimfi
913 1687 1067 1728 turget,
1100 1677 1194 1714 dein
1222 1680 1262 1714 in
1289 1677 1461 1714 formam
1485 1678 1750 1716 obcordatam

410 1752 475 1790 vel
503 1751 715 1789 obovatam
744 1750 835 1801 plus
875 1753 1007 1789 minus
1044 1763 1355 1801 compressum:
1399 1765 1546 1791 recens
1584 1752 1751 1791 sordide

411 1824 626 1876 pallidum,
659 1827 813 1863 siccum
843 1827 1012 1875 opacius
1030 1854 1039 1870 ,
1069 1823 1322 1863 fuscescens.
1380 1825 1428 1862 In
1449 1826 1630 1878 stipulis,
1661 1840 1752 1878 gra-

411 1902 565 1936 minum
605 1899 747 1936 cuhnis
786 1908 865 1936 etc.
898 1900 1071 1949 passim:
1120 1898 1196 1937 sed
1228 1900 1542 1950 vulgatissimum
1578 1903 1619 1938 in
1646 1899 1752 1939 foliis

413 1972 589 2012 obtectis
617 1973 949 2024 putrescentibus
977 1976 1117 2017 variis,
1157 1972 1278 2018 Alni,
1325 1974 1493 2010 Bautae
1521 1984 1601 2012 etc.
1632 1988 1753 2025 prae.-

415 2049 551 2085 sertim
578 2046 719 2099 Populi
749 2046 955 2094 tremulae,
987 2047 1054 2084 ubi
1081 2048 1296 2086 laetissime
1318 2050 1424 2099 viget
1448 2048 1609 2100 hyeme,
1640 2061 1751 2096 vere,

414 2131 581 2160 aestate.

522 2200 611 2244 204.
658 2196 697 2235 S.
741 2195 1097 2235 scutellatum
1136 2208 1308 2235 nonis.

418 2268 460 2307 S.
491 2267 714 2306 orbiculare
743 2270 988 2307 horizontale
1017 2269 1199 2322 depresso
1219 2291 1232 2297 -
1251 2270 1590 2310 concaviusculum
1617 2269 1754 2308 substi-

417 2344 589 2395 pitcztum
610 2340 794 2399 fuscum,
830 2344 982 2381 demum
1012 2344 1240 2395 rugulosum
1269 2347 1442 2396 nigrum.

525 2417 763 2456 Orbiculum
804 2429 940 2456 exacte
979 2418 1184 2465 referens,
1232 2419 1395 2469 planum
1430 2419 1494 2457 vel
1531 2419 1758 2457 subconca—

419 2505 535 2537 vum,
568 2492 878 2539 scutellil'orme‚
911 2494 1089 2532 Pezizam
1120 2506 1210 2530 sese
1239 2495 1370 2543 primo
1398 2493 1597 2544 adspectu
1634 2495 1758 2531 simu·
1788 2486 1791 2487 ⁷

420 2564 487 2602 lat.
546 2565 756 2602 Diszmcter
785 2566 852 2619 27⁴3
880 2568 1098 2612 linearum;
1131 2567 1327 2604 crassities
1352 2572 1376 2620 ᾖ
1394 2567 1521 2605 lineae
1541 2567 1637 2605 fere.
1677 2566 1757 2606 Sci-

422 2651 489 2687 ρω-
524 2637 810 2687 brevissimus,
860 2655 883 2679 a
919 2641 1044 2679 latere
1089 2652 1223 2682 tamen
1261 2641 1453 2681 distinete.
1492 2643 1756 2693 conspicuus.
