1928 3051
1437 143 1487 190 49

139 259 281 302 gatus,
324 250 450 303 bysso
488 251 617 290 albida
657 251 913 304 saepiuscule
949 252 1133 302 obsitus,
1176 257 1283 293 varie
1321 255 1486 294 demum

140 324 249 362 lacer
278 325 559 376 sphaerulam,
601 336 685 364 tum
718 329 915 378 temporis
945 328 1007 366 vel
1034 342 1224 376 vacuam,
1254 330 1317 368 vel
1344 331 1485 382 gelati-

139 411 214 436 nae
255 400 474 451 expallidae
523 401 710 452 reliquias
749 404 880 441 siccas
920 411 1232 456 contractasque
1266 407 1484 443 continen-

140 481 245 519 tem,
290 477 434 524 aperit.
516 474 805 528 Namacsporis
849 479 1032 527 speciem
1079 478 1386 517 memorabilem
1427 481 1483 517 ob

141 547 340 586 cirrhulos
389 561 512 599 supra
556 548 791 599 descriptos
840 564 1061 588 accensere
1098 554 1139 588 in
1184 555 1318 591 animo
1369 564 1479 593 erat:

138 620 212 658 sed
248 632 460 673 augmenta
499 625 767 674 lnicroscopii
805 628 1030 674 compositi
1058 628 1264 677 gigantea,
1305 641 1481 666 massam

138 698 422 745 spermaticam
471 695 714 745 thecigeram
764 697 991 734 luculenter
1036 704 1328 748 monstrantia,
1383 703 1479 740 inde

134 781 214 806 nos
251 780 497 806 revocarunt
523 790 576 797 -
612 772 769 808 etiamsi
818 771 976 817 thecae,
1026 783 1150 823 prout
1186 788 1208 811 a
1244 779 1374 825 priori
1412 778 1482 826 (ut

135 842 273 895 ajunt)
301 845 342 880 in
370 845 511 894 specie
540 843 643 881 adeo
673 844 857 882 abnormi
886 849 1091 897 expectari
1112 861 1186 897 par
1207 858 1313 894 erat,
1345 864 1367 887 a
1385 864 1482 889 con-

134 929 327 968 generum
367 931 484 955 more
512 931 597 955 non
625 932 766 969 parum
796 920 1064 958 recederent:
1112 935 1278 974 magnae
1307 937 1385 975 pro
1415 939 1479 962 ra-

135 994 273 1037 tione,
313 991 537 1043 ellipticae‚
580 1006 870 1044 compressae,
917 1008 1009 1032 mox
1046 996 1142 1034 stria
1181 997 1475 1049 longitudinali,

134 1078 228 1102 mox
255 1069 465 1118 utriusque
493 1070 620 1118 apicis
650 1068 797 1118 plicula
828 1070 1082 1108 transversali
1110 1074 1323 1124 insignitae
1341 1103 1349 1119 ,
1388 1087 1478 1127 spa-

135 1139 243 1176 rulas
279 1143 443 1178 nonnisi
478 1142 734 1181 indistinctas
772 1143 995 1197 dubiasque
1039 1145 1310 1186 includentes.
1377 1149 1478 1187 Fre-

135 1228 262 1266 quens
291 1215 394 1253 haec
421 1215 513 1253 loco
543 1229 618 1254 suo
649 1216 800 1268 Aprili,
832 1219 970 1256 Maio:
1017 1221 1053 1257 ei
1083 1221 1279 1259 simillima
1308 1221 1354 1270 β,
1386 1226 1477 1261 viri-

133 1288 248 1335 dula,
290 1289 421 1328 massa
458 1291 566 1329 intus
603 1291 739 1342 paullo
781 1292 975 1331 solidiore
1012 1293 1356 1335 albido-virente
1396 1297 1476 1335 far-

133 1373 219 1410 cta,
260 1364 556 1415 epidermidem
594 1365 860 1405 substellatim
895 1381 1114 1419 rumpens,
1164 1372 1205 1408 in
1233 1369 1340 1411 foliis
1371 1373 1477 1410 Buxi

132 1440 329 1477 emortuis
358 1439 570 1491 aliquoties
598 1448 765 1492 reperta
800 1441 873 1479 fuit
900 1443 1013 1481 Maio
1030 1473 1040 1490 ,
1071 1445 1210 1484 Junio.

239 1517 325 1561 142.
372 1514 412 1551 S.
456 1514 691 1553 Pteridis
721 1529 893 1555 NOBIS.

130 1585 172 1623 S.
209 1586 401 1638 (simplex
440 1590 620 1638 aslonza)
657 1603 809 1639 magna
838 1603 981 1642 sparsa
1008 1590 1330 1631 subcaberculosa
1358 1611 1378 1631 e
1407 1594 1474 1633 ba-

129 1658 194 1696 dio
217 1657 361 1717 fusca,
401 1663 574 1714 primum
602 1662 766 1714 globoso
785 1685 800 1691 -
819 1663 1027 1717 depressa,
1075 1665 1165 1703 dein
1202 1666 1395 1707 obconica
1424 1673 1473 1708 si-

129 1733 283 1788 mulque
312 1735 606 1775 collabescendo
626 1758 640 1763 —
658 1736 892 1777 obem-daca.

207 1808 466 1860 Splzczeriisne
503 1826 554 1850 an
583 1812 791 1851 Soles-ociis
829 1813 939 1852 dubii
979 1817 1141 1866 generIs
1181 1815 1370 1869 fungillus
1399 1820 1473 1858 ad-

125 1884 401 1922 numerandus
431 1886 509 1924 sit?
554 1887 728 1939 ambigui
757 1891 975 1926 etiamnum
1005 1889 1244 1929 haeremus:
1284 1893 1358 1931 scd
1387 1897 1473 1945 pri-

126 1970 194 1995 mo
224 1961 470 1998 inventionis
499 1971 713 1999 momento
744 1963 926 2014 exempla
952 1965 1146 2003 nonnulla
1173 1965 1336 2016 globulo
1364 1981 1471 2020 sper·

126 2033 273 2069 macico
303 2033 437 2072 albido
468 2034 729 2087 fugacissimo
761 2048 953 2076 coronata
982 2039 1199 2078 observare
1228 2041 1348 2080 nobis
1380 2046 1468 2089 visi,

126 2104 206 2144 hnc
236 2121 328 2144 eum
357 2112 556 2161 tantisper
589 2111 897 2163 adscripsimus.
961 2114 1173 2152 Diameter
1205 2113 1318 2166 fungi
1346 2115 1470 2154 adulti

123 2180 269 2218 lineam
307 2195 438 2232 paene
475 2184 694 2236 adaequat,
743 2186 914 2224 altitudo
951 2188 1249 2239 sesquilineam.
1325 2191 1470 2228 Junior

124 2254 296 2305 globoso
313 2278 332 2284 —
351 2257 572 2307 depressus
603 2269 687 2306 est,
728 2263 881 2298 vertice
910 2260 1190 2313 planiusculo:
1232 2266 1273 2300 in
1296 2263 1469 2301 formam

124 2327 220 2366 dein
261 2329 505 2368 obconicam
544 2346 737 2372 crescens
772 2334 1016 2386 aliquantum
1049 2336 1275 2375 collabitur.
1335 2338 1468 2378 Cavus

124 2412 207 2439 tum
239 2404 400 2455 quidem
431 2409 663 2456 perscissus
694 2410 896 2454 cernitur,
936 2419 976 2446 at
1014 2410 1131 2447 simul
1167 2414 1334 2449 materie
1364 2415 1468 2450 inter

123 2480 334 2516 cavitatem
375 2482 655 2533 corticemque
704 2482 849 2519 durum
888 2483 975 2520 alba
1016 2484 1269 2523 molliusculst
1307 2487 1468 2524 similari

122 2552 296 2591 farmus:
336 2567 414 2591 nec
445 2557 594 2593 cavitas
624 2558 719 2594 satis
749 2557 931 2607 perfecta
959 2572 1007 2596 ac
1034 2560 1207 2610 genuine
1238 2559 1466 2611 sphaerioi--

122 2625 197 2665 dea
225 2631 426 2679 apparuit.
485 2630 719 2668 Dolendum
739 2634 922 2679 omnino,
954 2635 1179 2684 specimina
1201 2636 1319 2674 nimis
1343 2649 1467 2687 parca

1388 2740 1413 2777 7

1499 1529 1581 1560 Tab.

1615 1530 1657 1561 X.

1587 1599 1605 1627 <A

1610 1616 1618 1622 ι
