1928 3051
1452 200 1529 254 559

182 331 291 361 statu
339 321 521 374 spondas
570 320 838 374 subglobosas
885 320 1064 360 nitentes
1111 320 1327 367 candidas,
1384 320 1529 372 quibus

184 396 319 434 media
356 405 486 434 aetate
526 395 692 434 obtecta
729 398 929 443 cernitur,
972 405 1156 447 quassata
1185 394 1361 446 digitove
1389 407 1530 447 pressa

183 471 226 508 in
254 474 373 509 auras*
397 472 436 508 vi
463 470 704 508 vehemente
732 469 890 508 fumans
920 469 1118 520 dispellit:
1151 469 1260 506 color
1288 471 1530 520 ceteroquin

184 544 360 591 lacteus,
393 557 415 582 e
443 547 562 582 niveo
591 544 866 596 glaucescens.
929 542 1091 581 Cornua
1112 544 1268 595 aliquot
1288 544 1528 595 plerumque

185 632 208 657 e
238 629 378 655 trunco
407 618 544 657 basive
574 618 784 656 communi
811 621 853 655 in
879 617 1049 655 formam
1086 631 1196 656 nunc
1238 617 1526 665 fasciculatam‚

182 705 293 741 nunc
321 692 512 743 pedatam
541 702 608 729 aut
637 692 839 746 digitatam
880 701 1208 742 pronascuntur,
1249 692 1525 739 emssiuscula,

185 766 386 817 simplicia
414 763 477 804 vel
505 766 582 803 bi-
601 769 812 804 triramosa
829 795 838 812 ‚
869 776 980 803 recta
1008 766 1069 803 vel
1099 766 1397 817 subdepressa;
1427 766 1528 804 haec

185 840 283 877 dum
321 849 535 886 crescunt,
576 842 690 891 apice
727 839 1005 891 limpidissime
1043 852 1197 890 aquosa
1231 841 1429 892 simulque
1466 843 1529 878 in—

185 923 361 952 crassata
410 916 580 965 capitata
624 926 755 965 paene
803 913 1057 952 stilbiformia
1111 924 1311 965 apparent
1357 936 1410 943 —
1455 914 1531 953 sed

183 989 340 1035 adulta,
381 988 432 1026 ad
462 987 594 1024 2--5
629 987 696 1025 lin.
737 987 963 1039 producta,
1003 1000 1236 1038 compressa
1272 987 1529 1027 subflexuosa

184 1075 346 1102 sursum
386 1061 665 1101 subattenuata
713 1061 914 1108 evadunt,
972 1074 1019 1098 ac
1058 1060 1194 1111 paullo
1231 1071 1330 1112 post
1368 1075 1527 1099 marce-

184 1146 327 1177 scunt:
358 1136 503 1174 ludunt
520 1148 825 1188 nonnumquam
841 1134 982 1172 habitu
1015 1137 1200 1173 tenuiore
1221 1149 1269 1173 ac
1288 1138 1523 1174 ramosiore.

186 1211 296 1249 Situs
317 1213 596 1262 caespitosus,
618 1209 670 1247 ad
693 1210 847 1262 aliquot
874 1212 1012 1248 uncias
1037 1222 1160 1260 saepe
1183 1208 1335 1247 effusus
1351 1239 1360 1256 ‚
1389 1208 1526 1247 Odon-

185 1286 265 1322 tz'ae
301 1287 439 1336 specie
476 1286 698 1336 spectatori
734 1282 921 1322 illudens.
980 1284 1214 1336 Pervulgata
1241 1283 1358 1335 lignis
1386 1293 1526 1336 putre-

183 1360 281 1398 dine
311 1362 439 1398 exesis
468 1359 616 1410 pineis‚
649 1356 853 1405 ahiman,
887 1357 1031 1404 alneis,
1070 1358 1238 1408 salignis
1267 1367 1346 1396 etc.
1377 1358 1528 1410 ubique

181 1436 379 1473 increscit
406 1433 509 1471 haec
539 1434 712 1484 species.
768 1432 806 1469 A
832 1433 953 1471 Junio
982 1435 1024 1470 in
1053 1431 1278 1471 Octobrem
1307 1445 1448 1484 usque.

293 1521 406 1560 1070.
454 1508 503 1545 C.
544 1506 844 1559 pyxidagttni
878 1520 1045 1546 NOBIS.

185 1583 230 1622 C.
268 1596 447 1634 sparsum
482 1580 749 1635 pyxidatum,
792 1592 929 1617 trunco
967 1582 1137 1632 simplici
1175 1582 1290 1633 apice
1335 1580 1525 1618 radiatim

182 1668 364 1698 cornuto.

285 1730 403 1769 Adeo
432 1743 524 1768 cum
551 1730 687 1782 priore
713 1732 900 1782 congruit
928 1728 1172 1776 substancia,
1222 1728 1377 1775 colore,
1418 1730 1527 1767 tota-

182 1819 260 1859 que
307 1805 498 1851 historin,
549 1814 593 1842 ut
635 1807 692 1851 ei,
742 1807 810 1856 qui
853 1807 1085 1843 varietatem
1132 1803 1217 1856 ejus
1260 1792 1526 1855 insigniorem

181 1880 346 1928 dixerit,
387 1892 530 1931 parum
568 1878 815 1930 adversaturi
854 1881 1004 1917 simus:
1035 1874 1180 1934 formai
1218 1888 1352 1916 tamen
1392 1877 1527 1915 differt

181 1965 223 1993 et
259 1955 346 1991 situ.
406 1953 569 1992 Cornua
617 1953 710 1990 3—
730 1966 775 1991 10
824 1966 980 2000 crassa,
1031 1952 1202 2000 obtusa,
1249 1954 1290 1988 in
1334 1952 1525 2004 pyxidem

182 2031 431 2080 composita.
488 2027 555 2065 Ad
591 2027 697 2079 ligna
734 2030 868 2079 putria
903 2029 1055 2079 passim
1100 2027 1163 2076 (v.
1197 2040 1232 2064 e.
1266 2026 1524 2070 Ezclenwald;

181 2101 353 2154 Haicle).
410 2103 595 2141 Aestate.

290 2190 402 2228 ¹07¹·
450 2177 498 2214 C.
537 2176 819 2228 porioides
856 2188 1023 2214 N0131s.

184 2250 226 2289 C.
268 2261 493 2302 congestum
532 2250 756 2301 porioicles,
797 2250 946 2287 truncis
984 2247 1155 2302 undique
1190 2248 1230 2284 in
1271 2246 1403 2286 orbem
1432 2263 1522 2286 con-

172 2320 417 2382 fluentibus,
449 2323 630 2361 cornibus
658 2323 900 2376 simplicibus
929 2321 1166 2361 distantibus
1195 2323 1345 2361 erectis.

548 2413 588 2444 α’,
619 2398 789 2435 lacteum

544 2472 590 2521 β,
613 2469 775 2528 flavum

180 2545 418 2586 Substantia
447 2546 698 2599 historiaque
728 2557 769 2586 et
796 2546 880 2584 hoc
908 2545 1248 2597 praecedentibus
1277 2558 1522 2592 consonum,

178 2624 318 2673 generi
353 2630 499 2659 nostro
545 2620 863 2659 adscribendum
902 2630 986 2659 est:
1044 2622 1207 2672 species
1245 2629 1426 2658 ceterum
1463 2621 1527 2657 sui

179 2698 318 2747 utique
346 2694 459 2747 juris.
516 2694 667 2732 Forma
707 2705 941 2735 constanter
969 2704 1103 2734 exacte
1132 2694 1372 2748 porioidea,
1411 2695 1525 2746 poris

1552 1509 1704 1539 Tab.X11

1550 2183 1627 2214 Tab.
1663 2184 1703 2213 ll.

1588 2247 1612 2277 f.
1634 2250 1663 2277 ῡ,
