1928 3051
393 159 464 200 108

390 275 601 322 scabrum,
641 285 820 313 ceterum
858 272 1053 320 nitidum,
1090 283 1246 320 atrum,
1285 276 1347 311 vix
1390 274 1587 314 tantillum
1625 279 1727 316 vire-

390 363 534 389 scens:
576 349 759 387 colorem
796 347 883 399 ejus
921 345 1125 397 profunde
1159 357 1472 388 atramentosum
1508 362 1581 389 seu
1619 359 1730 389 atro-

391 422 625 461 coeruleum
652 421 789 459 dicore
817 420 1035 459 mallemus.
1089 420 1182 460 Fata
1218 435 1364 473 parca,
1402 423 1591 463 solitaria.
1653 422 1728 462 Co-

391 496 586 534 Iumellam
615 510 750 532 veram
780 495 828 544 (i.
863 508 899 532 (².
930 494 1134 545 peridiolo
1164 499 1339 547 proprio
1365 497 1559 536 distincto
1581 500 1730 537 instru-

392 580 496 608 ctam
513 599 522 616 ,
553 570 720 621 pulvere
750 568 959 606 discolore
987 568 1177 620 fal-ctam)
1209 571 1357 610 nullam
1384 571 1575 622 detegere
1603 571 1729 610 licuit.

392 646 578 695 Sparsam
615 645 941 695 gregarIamque,
992 642 1063 680 luti
1110 646 1257 682 vetusti
1297 645 1409 683 calce
1447 645 1615 683 obducti
1652 643 1732 682 fra-

392 721 564 770 gmentis
593 717 948 767 (Bt-mlergarcen)
987 719 1184 763 innatam,
1224 719 1349 758 semel
1378 722 1602 758 invenimus
1631 732 1732 770 spe·

393 795 498 832 ciem
536 805 663 830 raram
701 801 742 830 et
778 791 1012 843 elegantem.
1086 791 1124 829 A
1162 792 1239 844 quii
1279 792 1413 831 differt
1459 791 1540 842 ββ,
1583 793 1733 831 statura

394 865 527 915 paullo
564 865 741 918 majore,
791 865 959 916 peridiis
1005 865 1339 917 hemisphaericis
1376 867 1484 904 hemi
1509 889 1529 896 -
1553 867 1733 917 ellipsoi-

395 939 564 992 deisque
595 956 615 978 e
646 940 766 977 badio
804 939 922 978 fusco
962 942 1107 990 nigris,
1146 953 1195 978 ac
1230 941 1326 979 loco
1363 941 1503 979 natali:
1544 950 1585 979 at
1611 949 1735 979 notae

395 1011 572 1064 reliquae
611 1014 663 1051 ad
690 1027 808 1052 unam
838 1026 979 1051 omnes
1016 1014 1225 1065 (inprimis
1262 1017 1381 1053 etiam
1409 1015 1586 1066 pulveris
1615 1012 1735 1052 indo-

398 1087 454 1126 les
485 1088 707 1140 colorque)
735 1086 838 1125 adeo
869 1097 1005 1125 exacte
1035 1101 1266 1135 consonae,
1297 1099 1341 1126 ut
1359 1089 1514 1140 sejungi
1542 1096 1734 1138 nequeat.

400 1166 515 1202 Hanc
545 1175 709 1215 quoque
736 1163 901 1199 nonnisi
929 1161 1078 1207 semel,
1121 1162 1195 1200 sed
1230 1161 1511 1214 frequentem,
1550 1173 1738 1213 aggrega-

401 1250 479 1277 tam
508 1246 549 1275 et
577 1248 781 1287 sparsam,
822 1235 875 1272 ad
911 1234 1017 1286 ligna
1054 1236 1175 1287 pinea
1213 1234 1434 1276 fabrefacta
1462 1237 1476 1285 (
1493 1229 1738 1291 Quolsdorf)

402 1314 638 1363 reperimus.
692 1308 866 1360 Vigebat
892 1318 1062 1360 utraque
1089 1309 1226 1348 medio
1254 1311 1392 1349 Junio.

504 1385 594 1423 501.
640 1385 687 1422 L.
728 1386 1120 1425 circumscissa.

767 1473 808 1504 a,
839 1457 1032 1510 popzclt'na

764 1531 844 1580 ββ,
875 1531 1053 1569 abietina

409 1610 541 1646 Vax-iat
579 1622 620 1654 α,
659 1606 910 1658 peridiorum
958 1606 1231 1658 magnitudine
1279 1606 1502 1657 coloreque
1551 1605 1741 1646 dilutiore

405 1680 464 1719 vel
492 1680 786 1733 profundiore:
825 1684 868 1717 in
898 1680 1040 1730 Populi
1079 1680 1270 1718 tremulae
1299 1679 1522 1718 coi-[imbus
1550 1694 1598 1720 ac
1626 1680 1744 1731 lignis

402 1763 592 1797 autumno
622 1754 758 1800 tardo,
789 1755 959 1806 hyeme,
991 1764 1032 1792 et
1060 1768 1154 1792 vero
1177 1756 1431 1805 praesertim,
1463 1757 1613 1805 passim
1634 1753 1743 1791 haud

403 1828 651 1880 infrequens.
708 1829 844 1867 Distat
871 1827 949 1876 ββ,
982 1829 1120 1866 colore
1148 1828 1294 1879 peridii
1322 1841 1344 1865 e
1375 1828 1490 1865 badio
1519 1831 1744 1879 nigricante

406 1913 447 1942 et
475 1901 703 1939 membrana
734 1905 916 1953 inprimis
945 1901 1246 1953 subterjacente
1276 1901 1402 1939 validi»
1437 1902 1743 1953 semipellucidzi

406 1976 689 2016 fuscescente:
736 1976 844 2014 unde
882 1975 1004 2014 verba
1048 1975 1323 2023 „membrana
1351 1975 1565 2027 subjacens
1593 1975 1738 2012 nulla“

405 2065 429 2090 e
458 2051 690 2089 charactere
718 2053 908 2101 generico
937 2049 1175 2088 eliminanda
1203 2059 1335 2087 erunt.
1390 2049 1438 2087 Iu
1460 2052 1615 2087 cortice.
1636 2048 1742 2086 abie-

409 2127 489 2162 eino
519 2123 757 2174 (Molzolzer
786 2123 942 2175 Haide)
971 2123 1216 2176 Septembri.

508 2197 601 2238 302.
646 2199 694 2236 L.
735 2198 935 2250 pusilla.

410 2271 612 2310 Peridium
656 2282 786 2310 aetate
834 2273 968 2311 medici
1003 2286 1025 2310 e
1067 2271 1298 2323 ferrugineo
1350 2270 1512 2308 dilutius
1557 2268 1744 2308 badium:

409 2345 654 2398 profundius
691 2347 785 2384 dein
823 2361 870 2385 ac
907 2346 1077 2397 pulchre
1118 2356 1350 2384 castaneum
1390 2344 1537 2382 evadit.
1611 2344 1671 2383 Ita
1706 2353 1748 2381 et

410 2420 538 2472 pulvis
577 2434 706 2472 opace
743 2420 1136 2472 rufo-Ferrugineus
1173 2420 1336 2458 demum
1379 2420 1570 2469 nigricat:
1616 2419 1746 2455 Nico-

411 2497 540 2531 tianae
579 2495 706 2533 ferme
735 2496 890 2546 pulveri
923 2496 1211 2534 sternutatorio
1238 2507 1314 2544 per
1341 2495 1468 2530 varias
1497 2491 1648 2529 coloris
1676 2490 1747 2528 ad-

410 2567 687 2611 umbrationes
728 2568 1065 2621 aequiparandus.
1136 2568 1260 2619 Ligna
1309 2569 1442 2618 putria
1487 2567 1608 2618 pinea
1633 2562 1756 2613 (nec

412 2641 577 2692 abiegna
602 2642 822 2693 hactenus)
852 2643 1041 2695 frequens
1069 2641 1167 2699 colit
1194 2641 1296 2693 Apr.
1326 2640 1425 2679 Mai.
1457 2639 1549 2677 Jun-
