1928 3051
1486 205 1577 247 VII

237 343 602 392 commentario
660 340 852 386 assidui
909 338 1143 393 comites,
1206 353 1231 382 a
1279 334 1577 380 denomina-

234 433 463 479 tionibus
503 432 766 486 classium,
807 429 1069 483 ordinum,
1119 442 1384 489 generum,
1431 423 1576 468 fami-

233 523 443 578 liarum,
483 521 763 582 specierum
786 517 1207 564 transscribendis
1240 530 1444 576 prorsus
1469 514 1577 558 abs·

233 612 537 657 tineremus:
593 610 727 655 libro
777 608 914 653 enim
962 607 1116 651 unico
1165 606 1406 650 hactenus
1457 621 1578 650 con·

237 712 461 762 spectum
510 698 791 760 fungorum
843 695 1188 740 methodicum
1249 696 1580 755 amplectente

234 790 404 836 virum
442 787 795 847 mycophilum
843 784 1017 844 utique
1057 783 1317 828 neminem
1355 783 1577 839 destitui,

235 890 370 924 certo
420 876 570 923 nobis
620 875 779 921 stabat
826 874 1029 932 judicio.
1123 876 1255 916 Nam
1308 873 1401 917 etsi
1447 890 1578 918 non—

231 968 377 1012 nulla
434 983 540 1012 esse
589 966 645 1010 in
703 969 975 1023 Systemate
1022 963 1392 1018 Persooniano,
1454 977 1580 1022 quae

233 1073 388 1101 manu
448 1049 1025 1118 egeant‘emendatrice
1075 1079 1143 1086 —-
1202 1068 1381 1114 genera
1442 1068 1487 1097 v.
1539 1067 1577 1096 c.

234 1147 359 1202 alia,
431 1145 487 1190 in
536 1143 925 1189 Hellvelloideis
983 1141 1304 1203 praesertim,
1363 1139 1581 1186 fructifi-

234 1235 432 1281 catione
485 1250 708 1296 congrua
756 1249 848 1277 nec
894 1232 999 1277 nisi
1044 1231 1236 1276 formae
1286 1230 1579 1276 discrimine

232 1324 552 1369 interstincta
590 1324 693 1367 talo
729 1323 828 1367 niti
865 1321 980 1368 satis
1018 1320 1258 1376 infirmo,
1297 1321 1392 1366 alia
1430 1321 1500 1379 (e.
1533 1336 1577 1382 g.

236 1412 500 1476 Cyatlzum‚
546 1411 771 1467 Scilbzmz,
816 1414 1128 1474 Aegeritcmz)
1176 1412 1348 1455 locum
1404 1410 1578 1455 minus

235 1503 563 1547 commodum
613 1501 839 1546 obtinere
886 1513 933 1545 et
970 1517 1004 1545 s.
1044 1518 1089 1561 p.
1138 1527 1206 1533 -—
1252 1511 1424 1545 auctor
1472 1499 1579 1559 ipse

234 1590 585 1636 celeberrimus
621 1590 711 1636 vix
746 1601 1021 1652 negaturus
1060 1589 1150 1634 sit:
1189 1605 1285 1634 nos
1321 1601 1490 1633 tamen
1519 1588 1580 1632 ad

231 1681 287 1725 id
323 1682 405 1726 vel
442 1679 690 1726 acuminis
729 1679 1110 1739 doctrinaeque,
1157 1679 1237 1724 vel
1286 1678 1377 1723 otii
1417 1695 1471 1723 ac
1507 1678 1579 1722 in·

235 1781 664 1825 strumentorum,
714 1770 851 1830 quod
899 1769 1164 1831 generibus
1214 1768 1580 1828 ordinibusque

235 1860 446 1923 integris
507 1859 763 1905 tentandis
827 1857 1081 1914 sufficiat,
1143 1858 1437 1918 neutiquam
1484 1873 1579 1902 nos

233 1951 515 2012 pertingere
552 1950 776 2013 ingenue
810 1948 1052 2004 fatemur,
1095 1961 1241 2008 atque
1278 1948 1330 1992 in
1373 1948 1577 1992 univer-

235 2056 348 2084 sum
387 2041 651 2085 conamina
700 2040 796 2085 ista
844 2054 1018 2084 eorum
1057 2038 1229 2099 potius
1268 2054 1373 2083 esse
1413 2036 1580 2082 existi-

233 2145 455 2185 mamus,
503 2130 589 2190 qui
625 2129 680 2174 in
729 2129 911 2175 studiis
958 2127 1095 2173 hisce
1132 2145 1191 2173 ex
1227 2126 1455 2189 professo
1494 2142 1576 2172 co—

233 2220 398 2265 lendis
437 2219 592 2264 vitam
632 2219 848 2281 degunt,
897 2234 1049 2279 quam
1087 2219 1174 2279 qui
1210 2218 1336 2262 meri
1374 2218 1579 2263 botano-

231 2308 362 2368 phili
398 2319 604 2353 naturae
643 2308 891 2353 scrutinio
919 2308 972 2351 in
1000 2307 1158 2351 animi
1181 2306 1438 2352 laboribus
1465 2307 1577 2352 aliis

234 2397 456 2442 distracti
525 2397 807 2457 defessique
876 2398 1277 2440 relaxamentum
1347 2408 1575 2442 utuntur.

231 2486 436 2531 Etenim
471 2486 682 2530 minime
720 2486 851 2530 illud
888 2501 981 2530 nos
1020 2484 1175 2548 fugit,
1225 2498 1416 2546 quanto
1453 2486 1576 2532 faci-

231 2574 332 2620 lius
387 2575 530 2621 aedes
579 2575 636 2620 ab
687 2575 798 2620 aliis
855 2575 1160 2621 instauratae
1209 2576 1575 2636 vituperentur,

233 2680 384 2724 quam
445 2681 609 2711 novae
676 2665 1159 2726 praestantioresque
1219 2664 1574 2726 perficiantur:
