<?xml version="1.0" encoding="UTF-8"?>
<!DOCTYPE html PUBLIC "-//W3C//DTD XHTML 1.0 Transitional//EN"
    "http://www.w3.org/TR/xhtml1/DTD/xhtml1-transitional.dtd">
<html xmlns="http://www.w3.org/1999/xhtml" xml:lang="en" lang="en">
 <head>
  <title>
</title>
<meta http-equiv="Content-Type" content="text/html;charset=utf-8" />
  <meta name='ocr-system' content='tesseract 3.04.00' />
  <meta name='ocr-capabilities' content='ocr_page ocr_carea ocr_par ocr_line ocrx_word'/>
</head>
<body>
  <div class='ocr_page' id='page_1' title='image "./conspectusfungor00albe_0012.png"; bbox 0 0 1928 3051; ppageno 0'>
   <div class='ocr_carea' id='block_1_1' title="bbox 385 241 453 283">
    <p class='ocr_par' dir='ltr' id='par_1_1' title="bbox 385 241 453 283">
     <span class='ocr_line' id='line_1_1' title="bbox 385 241 453 283; baseline -0.015 0"><span class='ocrx_word' id='word_1_1' title='bbox 385 241 453 283; x_wconf 91' lang='lat' dir='ltr'><strong>VI</strong></span> 
     </span>
    </p>
   </div>
   <div class='ocr_carea' id='block_1_2' title="bbox 375 369 1724 2574">
    <p class='ocr_par' dir='ltr' id='par_1_2' title="bbox 375 369 1724 2306">
     <span class='ocr_line' id='line_1_2' title="bbox 384 369 1723 431; baseline 0.001 -17"><span class='ocrx_word' id='word_1_2' title='bbox 384 373 481 414; x_wconf 84' lang='lat' dir='ltr'><strong>lam</strong></span> <span class='ocrx_word' id='word_1_3' title='bbox 522 382 611 414; x_wconf 89' lang='lat' dir='ltr'><strong>etc.</strong></span> <span class='ocrx_word' id='word_1_4' title='bbox 660 369 937 431; x_wconf 79' lang='lat' dir='ltr'>fungorum</span> <span class='ocrx_word' id='word_1_5' title='bbox 986 385 1195 415; x_wconf 87' lang='lat' dir='ltr'><strong>suorum</strong></span> <span class='ocrx_word' id='word_1_6' title='bbox 1240 370 1381 430; x_wconf 67' lang='lat' dir='ltr'><strong>copia</strong></span> <span class='ocrx_word' id='word_1_7' title='bbox 1430 369 1723 427; x_wconf 84' lang='lat' dir='ltr'><strong>jamdudum</strong></span> 
     </span>
     <span class='ocr_line' id='line_1_3' title="bbox 383 459 1722 518; baseline 0.001 -16"><span class='ocrx_word' id='word_1_8' title='bbox 383 459 606 504; x_wconf 87' lang='lat' dir='ltr'><strong>illustres</strong></span> <span class='ocrx_word' id='word_1_9' title='bbox 643 485 707 493; x_wconf 94' lang='lat'><strong>-—</strong></span> <span class='ocrx_word' id='word_1_10' title='bbox 744 460 907 518; x_wconf 89' lang='lat' dir='ltr'><strong>primo</strong></span> <span class='ocrx_word' id='word_1_11' title='bbox 959 460 1038 503; x_wconf 85' lang='lat' dir='ltr'><strong>hic</strong></span> <span class='ocrx_word' id='word_1_12' title='bbox 1074 460 1188 504; x_wconf 92' lang='lat' dir='ltr'><strong>loco</strong></span> <span class='ocrx_word' id='word_1_13' title='bbox 1230 460 1544 504; x_wconf 87' lang='lat' dir='ltr'><strong>nominanda</strong></span> <span class='ocrx_word' id='word_1_14' title='bbox 1581 459 1722 504; x_wconf 90' lang='lat' dir='ltr'><strong>venit</strong></span> 
     </span>
     <span class='ocr_line' id='line_1_4' title="bbox 381 547 1723 610; baseline 0 -19"><span class='ocrx_word' id='word_1_15' title='bbox 381 550 525 592; x_wconf 79' lang='lat' dir='ltr'><strong>Pinus</strong></span> <span class='ocrx_word' id='word_1_16' title='bbox 570 548 832 610; x_wconf 67' lang='lat' dir='ltr'><strong>sylvestris,</strong></span> <span class='ocrx_word' id='word_1_17' title='bbox 891 547 1184 607; x_wconf 82' lang='lat' dir='ltr'><strong>saepissime</strong></span> <span class='ocrx_word' id='word_1_18' title='bbox 1230 547 1379 593; x_wconf 88' lang='lat' dir='ltr'><strong>nobis</strong></span> <span class='ocrx_word' id='word_1_19' title='bbox 1433 547 1723 608; x_wconf 82' lang='lat' dir='ltr'>compendii</span> 
     </span>
     <span class='ocr_line' id='line_1_5' title="bbox 382 630 1724 696; baseline -0.001 -14"><span class='ocrx_word' id='word_1_20' title='bbox 382 638 550 682; x_wconf 79' lang='lat' dir='ltr'><strong>caussa</strong></span> <span class='ocrx_word' id='word_1_21' title='bbox 600 638 740 679; x_wconf 79' lang='lat' dir='ltr'><strong>Pinus</strong></span> <span class='ocrx_word' id='word_1_22' title='bbox 787 637 891 681; x_wconf 76' lang='grc' dir='ltr'><strong>κατ’</strong></span> <span class='ocrx_word' id='word_1_23' title='bbox 940 630 1118 696; x_wconf 69' lang='grc' dir='ltr'><strong>εἷξοχην</strong></span> <span class='ocrx_word' id='word_1_24' title='bbox 1157 637 1309 692; x_wconf 86' lang='lat' dir='ltr'><strong>dicta,</strong></span> <span class='ocrx_word' id='word_1_25' title='bbox 1364 637 1594 682; x_wconf 89' lang='lat' dir='ltr'><strong>omnium</strong></span> <span class='ocrx_word' id='word_1_26' title='bbox 1632 636 1724 681; x_wconf 88' lang='lat' dir='ltr'><strong>fre-</strong></span> 
     </span>
     <span class='ocr_line' id='line_1_6' title="bbox 382 725 1720 786; baseline 0.001 -18"><span class='ocrx_word' id='word_1_27' title='bbox 382 725 738 786; x_wconf 88' lang='lat' dir='ltr'><strong>quentissima,</strong></span> <span class='ocrx_word' id='word_1_28' title='bbox 801 725 859 769; x_wconf 90' lang='lat' dir='ltr'><strong>ab</strong></span> <span class='ocrx_word' id='word_1_29' title='bbox 911 726 1308 771; x_wconf 78' lang='lat' dir='ltr'><strong>antecessoribus</strong></span> <span class='ocrx_word' id='word_1_30' title='bbox 1359 727 1548 771; x_wconf 86' lang='lat' dir='ltr'><strong>nostris</strong></span> <span class='ocrx_word' id='word_1_31' title='bbox 1600 725 1720 769; x_wconf 86' lang='lat' dir='ltr'><strong>citra</strong></span> 
     </span>
     <span class='ocr_line' id='line_1_7' title="bbox 380 814 1723 875; baseline 0 -17"><span class='ocrx_word' id='word_1_32' title='bbox 380 815 615 859; x_wconf 88' lang='lat' dir='ltr'><strong>meritum</strong></span> <span class='ocrx_word' id='word_1_33' title='bbox 668 814 970 870; x_wconf 83' lang='lat' dir='ltr'><strong>examinata,</strong></span> <span class='ocrx_word' id='word_1_34' title='bbox 1021 815 1298 875; x_wconf 84' lang='lat' dir='ltr'><strong>specierum</strong></span> <span class='ocrx_word' id='word_1_35' title='bbox 1346 831 1597 860; x_wconf 81' lang='lat' dir='ltr'><strong>novarum</strong></span> <span class='ocrx_word' id='word_1_36' title='bbox 1644 831 1723 875; x_wconf 90' lang='lat' dir='ltr'><strong>ap-</strong></span> 
     </span>
     <span class='ocr_line' id='line_1_8' title="bbox 380 903 1721 965; baseline -0.001 -18"><span class='ocrx_word' id='word_1_37' title='bbox 380 904 539 964; x_wconf 81' lang='lat' dir='ltr'><strong>prime</strong></span> <span class='ocrx_word' id='word_1_38' title='bbox 576 903 737 949; x_wconf 86' lang='lat' dir='ltr'><strong>ferax:</strong></span> <span class='ocrx_word' id='word_1_39' title='bbox 778 905 869 964; x_wconf 70' lang='lat' dir='ltr'><strong>qua</strong></span> <span class='ocrx_word' id='word_1_40' title='bbox 907 920 1012 948; x_wconf 91' lang='lat' dir='ltr'><strong>non</strong></span> <span class='ocrx_word' id='word_1_41' title='bbox 1049 906 1213 949; x_wconf 88' lang='lat' dir='ltr'><strong>multo</strong></span> <span class='ocrx_word' id='word_1_42' title='bbox 1246 905 1512 965; x_wconf 82' lang='lat' dir='ltr'><strong>pauperius</strong></span> <span class='ocrx_word' id='word_1_43' title='bbox 1549 903 1721 949; x_wconf 84' lang='lat' dir='ltr'><strong>existit</strong></span> 
     </span>
     <span class='ocr_line' id='line_1_9' title="bbox 381 993 1720 1055; baseline 0 -18"><span class='ocrx_word' id='word_1_44' title='bbox 381 995 562 1037; x_wconf 69' lang='lat' dir='ltr'><strong>Ledam</strong></span> <span class='ocrx_word' id='word_1_45' title='bbox 597 995 830 1055; x_wconf 76' lang='lat' dir='ltr'><strong>palustre,</strong></span> <span class='ocrx_word' id='word_1_46' title='bbox 878 993 1047 1038; x_wconf 80' lang='lat' dir='ltr'><strong>frutex</strong></span> <span class='ocrx_word' id='word_1_47' title='bbox 1089 993 1210 1038; x_wconf 89' lang='lat' dir='ltr'><strong>alibi</strong></span> <span class='ocrx_word' id='word_1_48' title='bbox 1247 993 1542 1038; x_wconf 82' lang='lat' dir='ltr'><strong>Germaniae</strong></span> <span class='ocrx_word' id='word_1_49' title='bbox 1579 993 1720 1037; x_wconf 88' lang='lat' dir='ltr'><strong>raris·</strong></span> 
     </span>
     <span class='ocr_line' id='line_1_10' title="bbox 381 1083 1721 1144; baseline -0.002 -16"><span class='ocrx_word' id='word_1_50' title='bbox 381 1083 561 1137; x_wconf 86' lang='lat' dir='ltr'><strong>simus,</strong></span> <span class='ocrx_word' id='word_1_51' title='bbox 598 1083 747 1128; x_wconf 91' lang='lat' dir='ltr'><strong>nobis</strong></span> <span class='ocrx_word' id='word_1_52' title='bbox 781 1083 1120 1144; x_wconf 82' lang='lat' dir='ltr'><strong>pervulgatus.</strong></span> <span class='ocrx_word' id='word_1_53' title='bbox 1194 1088 1299 1128; x_wconf 91' lang='lat' dir='ltr'><strong>Nec</strong></span> <span class='ocrx_word' id='word_1_54' title='bbox 1335 1083 1612 1128; x_wconf 88' lang='lat' dir='ltr'><strong>omittenda</strong></span> <span class='ocrx_word' id='word_1_55' title='bbox 1647 1093 1721 1127; x_wconf 90' lang='lat' dir='ltr'><strong>est</strong></span> 
     </span>
     <span class='ocr_line' id='line_1_11' title="bbox 380 1170 1722 1235; baseline 0.001 -20"><span class='ocrx_word' id='word_1_56' title='bbox 380 1175 523 1216; x_wconf 75' lang='lat' dir='ltr'><strong>Pinus</strong></span> <span class='ocrx_word' id='word_1_57' title='bbox 557 1175 713 1233; x_wconf 77' lang='lat' dir='ltr'><strong>picea,</strong></span> <span class='ocrx_word' id='word_1_58' title='bbox 753 1172 968 1235; x_wconf 82' lang='lat' dir='ltr'><strong>benigna</strong></span> <span class='ocrx_word' id='word_1_59' title='bbox 1005 1172 1124 1216; x_wconf 90' lang='lat' dir='ltr'><strong>item</strong></span> <span class='ocrx_word' id='word_1_60' title='bbox 1150 1170 1489 1234; x_wconf 77' lang='lat' dir='ltr'><strong>fungillorum</strong></span> <span class='ocrx_word' id='word_1_61' title='bbox 1526 1171 1722 1232; x_wconf 89' lang='lat' dir='ltr'><strong>aliquot</strong></span> 
     </span>
     <span class='ocr_line' id='line_1_12' title="bbox 378 1260 1718 1323; baseline -0.001 -17"><span class='ocrx_word' id='word_1_62' title='bbox 378 1261 683 1323; x_wconf 84' lang='lat' dir='ltr'><strong>elegantium</strong></span> <span class='ocrx_word' id='word_1_63' title='bbox 706 1278 1058 1322; x_wconf 82' lang='lat' dir='ltr'><strong>novorumque</strong></span> <span class='ocrx_word' id='word_1_64' title='bbox 1081 1261 1267 1306; x_wconf 86' lang='lat' dir='ltr'><strong>nutrix.</strong></span> <span class='ocrx_word' id='word_1_65' title='bbox 1290 1287 1356 1295; x_wconf 92' lang='lat'>—</span> <span class='ocrx_word' id='word_1_66' title='bbox 1390 1266 1526 1323; x_wconf 81' lang='lat' dir='ltr'><strong>Quae</strong></span> <span class='ocrx_word' id='word_1_67' title='bbox 1548 1260 1718 1306; x_wconf 87' lang='lat' dir='ltr'><strong>omnia</strong></span> 
     </span>
     <span class='ocr_line' id='line_1_13' title="bbox 377 1350 1719 1411; baseline -0.001 -16"><span class='ocrx_word' id='word_1_68' title='bbox 377 1351 470 1396; x_wconf 89' lang='lat' dir='ltr'><strong>rite</strong></span> <span class='ocrx_word' id='word_1_69' title='bbox 508 1350 872 1406; x_wconf 89' lang='lat' dir='ltr'><strong>consideranti,</strong></span> <span class='ocrx_word' id='word_1_70' title='bbox 923 1367 947 1395; x_wconf 90' lang='lat' dir='ltr'><strong>a</strong></span> <span class='ocrx_word' id='word_1_71' title='bbox 983 1351 1157 1411; x_wconf 85' lang='lat' dir='ltr'><strong>paucis</strong></span> <span class='ocrx_word' id='word_1_72' title='bbox 1201 1362 1408 1395; x_wconf 86' lang='lat' dir='ltr'><strong>naturae</strong></span> <span class='ocrx_word' id='word_1_73' title='bbox 1442 1350 1719 1411; x_wconf 83' lang='lat' dir='ltr'><strong>investiga·-</strong></span> 
     </span>
     <span class='ocr_line' id='line_1_14' title="bbox 379 1440 1719 1500; baseline -0.001 -15"><span class='ocrx_word' id='word_1_74' title='bbox 379 1440 603 1496; x_wconf 88' lang='lat' dir='ltr'><strong>toribus,</strong></span> <span class='ocrx_word' id='word_1_75' title='bbox 652 1441 785 1484; x_wconf 84' lang='lat' dir='ltr'><strong>inter</strong></span> <span class='ocrx_word' id='word_1_76' title='bbox 833 1457 958 1500; x_wconf 87' lang='lat' dir='ltr'><strong>quos</strong></span> <span class='ocrx_word' id='word_1_77' title='bbox 1007 1440 1299 1485; x_wconf 76' lang='lat' dir='ltr'><strong>Steinlzaueri</strong></span> <span class='ocrx_word' id='word_1_78' title='bbox 1336 1440 1590 1499; x_wconf 89' lang='lat' dir='ltr'><strong>quondam</strong></span> <span class='ocrx_word' id='word_1_79' title='bbox 1624 1455 1719 1484; x_wconf 78' lang='lat'>110-</span> 
     </span>
     <span class='ocr_line' id='line_1_15' title="bbox 378 1528 1719 1590; baseline -0.001 -16"><span class='ocrx_word' id='word_1_80' title='bbox 378 1530 469 1575; x_wconf 86' lang='lat' dir='ltr'><strong>stri</strong></span> <span class='ocrx_word' id='word_1_81' title='bbox 531 1531 866 1590; x_wconf 79' lang='lat' dir='ltr'><strong>Voullariique</strong></span> <span class='ocrx_word' id='word_1_82' title='bbox 931 1529 1142 1574; x_wconf 89' lang='lat' dir='ltr'><strong>nomina</strong></span> <span class='ocrx_word' id='word_1_83' title='bbox 1212 1530 1347 1590; x_wconf 74' lang='lat' dir='ltr'><strong>grata</strong></span> <span class='ocrx_word' id='word_1_84' title='bbox 1416 1528 1719 1589; x_wconf 89' lang='lat' dir='ltr'><strong>apponimus</strong></span> 
     </span>
     <span class='ocr_line' id='line_1_16' title="bbox 378 1617 1716 1678; baseline -0.001 -15"><span class='ocrx_word' id='word_1_85' title='bbox 378 1630 570 1674; x_wconf 86' lang='lat' dir='ltr'><strong>mente,</strong></span> <span class='ocrx_word' id='word_1_86' title='bbox 629 1618 760 1663; x_wconf 88' lang='lat' dir='ltr'><strong>intra</strong></span> <span class='ocrx_word' id='word_1_87' title='bbox 808 1618 955 1663; x_wconf 85' lang='lat' dir='ltr'><strong>breve</strong></span> <span class='ocrx_word' id='word_1_88' title='bbox 1001 1618 1152 1663; x_wconf 87' lang='lat' dir='ltr'><strong>lustri</strong></span> <span class='ocrx_word' id='word_1_89' title='bbox 1212 1618 1431 1678; x_wconf 87' lang='lat' dir='ltr'><strong>spatium</strong></span> <span class='ocrx_word' id='word_1_90' title='bbox 1483 1617 1716 1678; x_wconf 83' lang='lat' dir='ltr'><strong>negotio-</strong></span> 
     </span>
     <span class='ocr_line' id='line_1_17' title="bbox 376 1705 1714 1769; baseline -0.001 -16"><span class='ocrx_word' id='word_1_91' title='bbox 376 1724 588 1769; x_wconf 88' lang='lat' dir='ltr'><strong>rumque</strong></span> <span class='ocrx_word' id='word_1_92' title='bbox 625 1708 759 1753; x_wconf 89' lang='lat' dir='ltr'><strong>varia</strong></span> <span class='ocrx_word' id='word_1_93' title='bbox 805 1708 1162 1768; x_wconf 89' lang='lat' dir='ltr'><strong>impedimenta</strong></span> <span class='ocrx_word' id='word_1_94' title='bbox 1210 1719 1401 1751; x_wconf 87' lang='lat' dir='ltr'><strong>tantam</strong></span> <span class='ocrx_word' id='word_1_95' title='bbox 1438 1705 1714 1769; x_wconf 83' lang='lat' dir='ltr'><strong>fungorum</strong></span> 
     </span>
     <span class='ocr_line' id='line_1_18' title="bbox 377 1796 1717 1856; baseline -0.003 -13"><span class='ocrx_word' id='word_1_96' title='bbox 377 1798 482 1843; x_wconf 84' lang='lat' dir='ltr'><strong>vim</strong></span> <span class='ocrx_word' id='word_1_97' title='bbox 521 1798 785 1843; x_wconf 85' lang='lat' dir='ltr'><strong>collectam</strong></span> <span class='ocrx_word' id='word_1_98' title='bbox 822 1797 979 1843; x_wconf 84' lang='lat' dir='ltr'><strong>fuisse</strong></span> <span class='ocrx_word' id='word_1_99' title='bbox 1016 1798 1150 1842; x_wconf 88' lang='lat' dir='ltr'><strong>haud</strong></span> <span class='ocrx_word' id='word_1_100' title='bbox 1200 1796 1412 1856; x_wconf 84' lang='lat' dir='ltr'><strong>amplius</strong></span> <span class='ocrx_word' id='word_1_101' title='bbox 1455 1797 1575 1841; x_wconf 87' lang='lat' dir='ltr'><strong>adeo</strong></span> <span class='ocrx_word' id='word_1_102' title='bbox 1622 1796 1717 1840; x_wconf 89' lang='lat' dir='ltr'><strong>mi-</strong></span> 
     </span>
     <span class='ocr_line' id='line_1_19' title="bbox 378 1884 1715 1947; baseline 0 -17"><span class='ocrx_word' id='word_1_103' title='bbox 378 1903 490 1931; x_wconf 89' lang='lat' dir='ltr'><strong>rum</strong></span> <span class='ocrx_word' id='word_1_104' title='bbox 523 1887 804 1931; x_wconf 78' lang='lat' dir='ltr'><strong>videbitur:</strong></span> <span class='ocrx_word' id='word_1_105' title='bbox 842 1903 935 1932; x_wconf 85' lang='lat' dir='ltr'><strong>nos</strong></span> <span class='ocrx_word' id='word_1_106' title='bbox 973 1887 1141 1947; x_wconf 89' lang='lat' dir='ltr'><strong>potius</strong></span> <span class='ocrx_word' id='word_1_107' title='bbox 1178 1885 1495 1940; x_wconf 73' lang='lat' dir='ltr'><strong>divitiarum,</strong></span> <span class='ocrx_word' id='word_1_108' title='bbox 1533 1884 1715 1946; x_wconf 75' lang='lat' dir='ltr'><strong>quibus</strong></span> 
     </span>
     <span class='ocr_line' id='line_1_20' title="bbox 378 1977 1716 2039; baseline -0.002 -19"><span class='ocrx_word' id='word_1_109' title='bbox 378 1977 624 2039; x_wconf 80' lang='lat' dir='ltr'><strong>gloriatur</strong></span> <span class='ocrx_word' id='word_1_110' title='bbox 668 1989 793 2021; x_wconf 85' lang='lat' dir='ltr'><strong>terra</strong></span> <span class='ocrx_word' id='word_1_111' title='bbox 838 1988 1037 2031; x_wconf 86' lang='lat' dir='ltr'><strong>nostra,</strong></span> <span class='ocrx_word' id='word_1_112' title='bbox 1086 1987 1278 2036; x_wconf 88' lang='lat' dir='ltr'><strong>partem</strong></span> <span class='ocrx_word' id='word_1_113' title='bbox 1325 1991 1431 2019; x_wconf 88' lang='lat' dir='ltr'><strong>non</strong></span> <span class='ocrx_word' id='word_1_114' title='bbox 1477 1989 1716 2034; x_wconf 86' lang='lat' dir='ltr'><strong>spernen—</strong></span> 
     </span>
     <span class='ocr_line' id='line_1_21' title="bbox 378 2061 1716 2125; baseline -0.004 -15"><span class='ocrx_word' id='word_1_115' title='bbox 378 2065 493 2110; x_wconf 88' lang='lat' dir='ltr'><strong>dam</strong></span> <span class='ocrx_word' id='word_1_116' title='bbox 537 2066 816 2111; x_wconf 88' lang='lat' dir='ltr'><strong>etiamnum</strong></span> <span class='ocrx_word' id='word_1_117' title='bbox 862 2068 1016 2111; x_wconf 91' lang='lat' dir='ltr'><strong>latere</strong></span> <span class='ocrx_word' id='word_1_118' title='bbox 1055 2066 1137 2110; x_wconf 89' lang='lat' dir='ltr'><strong>vel</strong></span> <span class='ocrx_word' id='word_1_119' title='bbox 1170 2065 1317 2119; x_wconf 90' lang='lat' dir='ltr'><strong>inde,</strong></span> <span class='ocrx_word' id='word_1_120' title='bbox 1367 2062 1502 2125; x_wconf 89' lang='lat' dir='ltr'><strong>quod</strong></span> <span class='ocrx_word' id='word_1_121' title='bbox 1536 2061 1716 2122; x_wconf 86' lang='lat' dir='ltr'><strong>specie-</strong></span> 
     </span>
     <span class='ocr_line' id='line_1_22' title="bbox 375 2151 1715 2217; baseline -0.004 -18"><span class='ocrx_word' id='word_1_122' title='bbox 375 2172 488 2200; x_wconf 92' lang='lat' dir='ltr'><strong>rum</strong></span> <span class='ocrx_word' id='word_1_123' title='bbox 545 2156 809 2200; x_wconf 89' lang='lat' dir='ltr'><strong>dubiarum</strong></span> <span class='ocrx_word' id='word_1_124' title='bbox 866 2155 1095 2217; x_wconf 83' lang='lat' dir='ltr'><strong>vestigiis</strong></span> <span class='ocrx_word' id='word_1_125' title='bbox 1155 2153 1361 2212; x_wconf 85' lang='lat' dir='ltr'><strong>jamjam</strong></span> <span class='ocrx_word' id='word_1_126' title='bbox 1430 2151 1715 2197; x_wconf 89' lang='lat' dir='ltr'><strong>insistimus</strong></span> 
     </span>
     <span class='ocr_line' id='line_1_23' title="bbox 376 2243 1433 2306; baseline -0.004 -16"><span class='ocrx_word' id='word_1_127' title='bbox 376 2245 666 2305; x_wconf 89' lang='lat' dir='ltr'><strong>permultis,</strong></span> <span class='ocrx_word' id='word_1_128' title='bbox 705 2244 1141 2306; x_wconf 85' lang='lat' dir='ltr'><strong>persuasissimum</strong></span> <span class='ocrx_word' id='word_1_129' title='bbox 1178 2243 1433 2288; x_wconf 85' lang='lat' dir='ltr'><strong>habemus.</strong></span> 
     </span>
    </p>

    <p class='ocr_par' dir='ltr' id='par_1_3' title="bbox 377 2330 1715 2574">
     <span class='ocr_line' id='line_1_24' title="bbox 479 2330 1715 2392; baseline -0.003 -13"><span class='ocrx_word' id='word_1_130' title='bbox 479 2335 572 2379; x_wconf 84' lang='lat' dir='ltr'><strong>Sed</strong></span> <span class='ocrx_word' id='word_1_131' title='bbox 613 2333 713 2392; x_wconf 85' lang='lat' dir='ltr'><strong>jam</strong></span> <span class='ocrx_word' id='word_1_132' title='bbox 748 2335 807 2379; x_wconf 90' lang='lat' dir='ltr'><strong>ad</strong></span> <span class='ocrx_word' id='word_1_133' title='bbox 842 2334 1090 2379; x_wconf 88' lang='lat' dir='ltr'><strong>rationem</strong></span> <span class='ocrx_word' id='word_1_134' title='bbox 1135 2332 1363 2378; x_wconf 85' lang='lat' dir='ltr'><strong>methodi</strong></span> <span class='ocrx_word' id='word_1_135' title='bbox 1394 2331 1448 2376; x_wconf 89' lang='lat' dir='ltr'><strong>in</strong></span> <span class='ocrx_word' id='word_1_136' title='bbox 1492 2330 1715 2376; x_wconf 88' lang='lat' dir='ltr'><strong>conscri-</strong></span> 
     </span>
     <span class='ocr_line' id='line_1_25' title="bbox 377 2419 1714 2485; baseline -0.003 -18"><span class='ocrx_word' id='word_1_137' title='bbox 377 2424 542 2468; x_wconf 90' lang='lat' dir='ltr'><strong>bendo</strong></span> <span class='ocrx_word' id='word_1_138' title='bbox 589 2424 768 2469; x_wconf 91' lang='lat' dir='ltr'><strong>libello</strong></span> <span class='ocrx_word' id='word_1_139' title='bbox 808 2434 1127 2485; x_wconf 84' lang='lat' dir='ltr'><strong>praeoptatae</strong></span> <span class='ocrx_word' id='word_1_140' title='bbox 1173 2421 1484 2466; x_wconf 80' lang='lat' dir='ltr'><strong>reddendam</strong></span> <span class='ocrx_word' id='word_1_141' title='bbox 1517 2419 1714 2465; x_wconf 85' lang='lat' dir='ltr'><strong>acceda-</strong></span> 
     </span>
     <span class='ocr_line' id='line_1_26' title="bbox 377 2506 1715 2574; baseline -0.004 -18"><span class='ocrx_word' id='word_1_142' title='bbox 377 2528 503 2557; x_wconf 84' lang='lat' dir='ltr'><strong>mus.</strong></span> <span class='ocrx_word' id='word_1_143' title='bbox 577 2516 636 2557; x_wconf 92' lang='lat' dir='ltr'><strong>In</strong></span> <span class='ocrx_word' id='word_1_144' title='bbox 681 2515 774 2574; x_wconf 72' lang='lat' dir='ltr'><strong>qua</strong></span> <span class='ocrx_word' id='word_1_145' title='bbox 818 2530 880 2557; x_wconf 90' lang='lat' dir='ltr'><strong>ne</strong></span> <span class='ocrx_word' id='word_1_146' title='bbox 924 2513 1044 2573; x_wconf 75' lang='lat' dir='ltr'><strong>quid</strong></span> <span class='ocrx_word' id='word_1_147' title='bbox 1079 2509 1393 2571; x_wconf 83' lang='lat' dir='ltr'><strong>repetitionis</strong></span> <span class='ocrx_word' id='word_1_148' title='bbox 1430 2506 1715 2569; x_wconf 84' lang='lat' dir='ltr'><strong>superfluae</strong></span> 
     </span>
    </p>
   </div>
   <div class='ocr_carea' id='block_1_3' title="bbox 379 2600 1716 2660">
    <p class='ocr_par' dir='ltr' id='par_1_4' title="bbox 379 2600 1716 2660">
     <span class='ocr_line' id='line_1_27' title="bbox 379 2600 1716 2660; baseline -0.005 -14"><span class='ocrx_word' id='word_1_149' title='bbox 379 2601 746 2656; x_wconf 86' lang='lat' dir='ltr'><strong>admitteretur,</strong></span> <span class='ocrx_word' id='word_1_150' title='bbox 794 2602 864 2646; x_wconf 87' lang='lat' dir='ltr'><strong>ita</strong></span> <span class='ocrx_word' id='word_1_151' title='bbox 895 2600 1078 2646; x_wconf 84' lang='lat' dir='ltr'><strong>versati</strong></span> <span class='ocrx_word' id='word_1_152' title='bbox 1113 2615 1315 2654; x_wconf 90' lang='lat' dir='ltr'><strong>sumus,</strong></span> <span class='ocrx_word' id='word_1_153' title='bbox 1364 2609 1421 2641; x_wconf 90' lang='lat' dir='ltr'><strong>ut</strong></span> <span class='ocrx_word' id='word_1_154' title='bbox 1455 2601 1716 2660; x_wconf 62' lang='lat' dir='ltr'><strong>Synopseos</strong></span> 
     </span>
    </p>
   </div>
   <div class='ocr_carea' id='block_1_4' title="bbox 377 2683 1716 2753">
    <p class='ocr_par' dir='ltr' id='par_1_5' title="bbox 377 2683 1716 2753">
     <span class='ocr_line' id='line_1_28' title="bbox 377 2683 1716 2753; baseline -0.006 -17"><span class='ocrx_word' id='word_1_155' title='bbox 377 2690 588 2753; x_wconf 80' lang='lat' dir='ltr'><strong>vestigia</strong></span> <span class='ocrx_word' id='word_1_156' title='bbox 626 2707 792 2751; x_wconf 88' lang='lat' dir='ltr'><strong>presse</strong></span> <span class='ocrx_word' id='word_1_157' title='bbox 829 2691 1012 2746; x_wconf 85' lang='lat' dir='ltr'><strong>secuti,</strong></span> <span class='ocrx_word' id='word_1_158' title='bbox 1051 2689 1255 2750; x_wconf 85' lang='lat' dir='ltr'><strong>ejusque</strong></span> <span class='ocrx_word' id='word_1_159' title='bbox 1292 2686 1539 2733; x_wconf 88' lang='lat' dir='ltr'><strong>continuo</strong></span> <span class='ocrx_word' id='word_1_160' title='bbox 1573 2683 1716 2746; x_wconf 88' lang='lat' dir='ltr'><strong>quasi</strong></span> 
     </span>
    </p>
   </div>
  </div>
 </body>
</html>
