1928 3051
460 221 536 268 274

460 335 560 374 colit
600 344 812 376 emortuos
848 333 985 371 aridos
1028 332 1217 370 arborum
1257 331 1546 372 frondosarum
1589 337 1799 382 variarum,

459 409 581 456 Alni,
623 409 793 460 Populi,
834 406 998 460 Coryli,
1043 406 1174 444 Rome
1221 407 1402 446 caninae.
1472 408 1639 448 Aestate
1667 419 1708 446 et
1734 423 1804 448 au-

462 494 615 522 tumno.

563 556 655 596 315.
702 557 754 594 Τ.
793 567 1009 608 rugosa.

824 644 866 676 ct,
897 630 1086 683 quercina.

823 703 869 752 β,
901 703 1063 757 corylea

462 777 592 816 Pilcus
629 781 669 815 in
706 793 745 825 a,
787 781 901 816 initio
942 778 1147 817 obductus
1185 787 1247 816 est
1283 786 1468 816 tomento
1520 777 1801 826 fuscescente3

459 852 553 890 dein
581 851 740 904 glaber,
783 866 912 903 paene
942 856 1079 905 niger,
1120 852 1378 891 subzonatus.
1437 852 1599 891 Crescit
1625 852 1725 891 haec
1753 853 1805 891 ad

460 927 651 966 caudices
692 930 911 979 quercinos
955 929 1106 978 passim
1145 926 1364 978 frequens;
1404 940 1482 965 nec
1509 926 1555 975 β,
1587 926 1804 976 (Corticiis

458 1004 668 1053 proxima)
696 1014 784 1039 rara
812 1000 909 1039 hinc
937 1001 1031 1040 inde
1060 1001 1298 1050 (Wloholzer
1327 999 1485 1044 Ilaide,·
1530 997 1810 1058 Cunnersdorf

459 1077 570 1126 etc.)
599 1078 639 1113 in
669 1078 821 1114 truncis
850 1075 1136 1128 radicibusque
1172 1074 1346 1128 coryleis
1374 1076 1562 1113 occurrit.
1621 1074 1804 1128 Utraque

458 1162 534 1200 per
564 1159 695 1186 totum
724 1149 809 1187 fere
836 1162 1000 1187 annum.

562 1222 652 1272 814.
700 1224 751 1261 T.
793 1223 1019 1262 hIrsuta.

825 1311 865 1342 oz,
896 1297 1077 1347 vulgaris

827 1369 873 1419 β,
905 1371 1022 1408 alnea

458 1444 746 1498 Vulgatissima
775 1459 816 1491 α,
847 1447 889 1482 in
916 1444 1133 1483 arboribus
1154 1443 1357 1484 frondosis
1379 1444 1556 1498 epixyla,
1586 1444 1805 1484 admodum

459 1520 732 1572 polymorpha
771 1529 834 1558 est
877 1521 1014 1572 quoad
1050 1518 1222 1557 formam
1261 1520 1497 1572 colorisque
1533 1522 1805 1559 intensitatem

460 1604 500 1633 et
528 1594 905 1632 adumbrationem:
945 1597 1151 1646 perennis.
1205 1595 1306 1632 Var.
1337 1593 1383 1642 β,
1416 1594 1512 1632 hinc
1540 1594 1648 1632 illinc
1677 1594 1807 1633 obve-

458 1671 518 1706 nit
545 1672 587 1706 in
616 1668 757 1706 alueris
785 1669 838 1706 ad
866 1669 1054 1707 caudices
1083 1678 1204 1720 atque
1233 1682 1389 1714 ramos,
1419 1668 1671 1707 autumnalis.

563 1742 655 1782 815.
701 1743 753 1781 T.
794 1743 1222 1795 sanguinolenta
1260 1755 1427 1781 noxus.

465 1817 510 1854 T.
550 1814 765 1854 imbricata
802 1815 1017 1854 dimidiata
1058 1815 1263 1873 effusaque
1300 1816 1354 1853 ad
1393 1827 1543 1853 tactum
1580 1827 1804 1862 cruentata,

460 1891 563 1942 pileo
595 1889 729 1929 albido
749 1912 763 1919 ·
780 1891 956 1942 pallente
977 1891 1126 1928 hirsuto
1147 1892 1332 1942 margine
1355 1889 1617 1929 subundulato
1632 1919 1643 1938 ,
1672 1891 1805 1946 hyme-

463 1966 527 2003 nio
553 1963 700 2017 glabro
729 1966 861 2016 griseo
881 1961 1164 2021 -fusccsccncca

563 2039 820 2092 Aliquamdiu
869 2039 1181 2087 haesitavimus,
1230 2053 1335 2079 anne
1372 2040 1455 2079 huc
1495 2044 1720 2092 pertineret
1757 2041 1803 2079 T.

461 2115 610 2152 sericea
652 2113 822 2152 Sela-ad.
863 2114 1015 2151 hirsuta
1053 2129 1094 2165 γ,
1138 2114 1268 2152 nitida
1309 2116 1418 2153 Pers.
1455 2115 1689 2154 charactere
1720 2127 1804 2153 uno

461 2190 639 2227 alterove
669 2189 931 2240 congruens?
959 2202 1098 2227 verum
1127 2190 1488 2242 sanguinolentiam
1505 2219 1514 2237 ,
1544 2200 1684 2228 notam
1704 2202 1805 2228 con-

462 2266 749 2304 stantissimam
789 2262 999 2315 oculisque
1038 2264 1147 2302 illico
1177 2278 1269 2303 sese
1299 2263 1615 2312 obtrudentem‚
1656 2263 1708 2302 ab
1734 2262 1808 2301 ob-

463 2337 737 2378 servatoribus
765 2340 965 2376 accuratis
993 2341 1282 2389 praetervisam
1311 2338 1436 2378 fuisse
1453 2369 1461 2385 ‚
1496 2351 1639 2390 parum
1668 2340 1806 2390 utique

462 2412 674 2464 probabile
704 2422 780 2450 est.
838 2413 1001 2464 Fungus
1030 2426 1140 2451 nunc
1168 2412 1398 2451 dimidiatus
1428 2422 1514 2459 est,
1553 2412 1668 2464 pileis
1695 2421 1807 2450 arcte

462 2486 682 2525 imbricatis
720 2486 932 2534 tenuibus,
978 2490 1020 2523 in
1058 2486 1374 2539 perfectioribus
1411 2485 1806 2536 (subbiuncialibus)

463 2564 638 2612 margine
680 2561 880 2600 undulatis
909 2561 1006 2599 hinc
1033 2561 1128 2599 inde
1160 2561 1322 2607 incisis,
1369 2560 1623 2607 subzonatis,
1661 2560 1806 2611 pilosis

462 2633 580 2685 (pilis
607 2647 701 2672 mox
730 2634 1014 2687 substrigosis,
1047 2648 1142 2672 mox
1169 2634 1508 2687 longitudinaliter
1536 2636 1703 2672 striatim
1732 2633 1806 2671 ad-

461 2710 616 2760 pressis
654 2708 892 2748 subsericeo
910 2732 929 2738 -
946 2709 1193 2760 nitentibus)
1221 2731 1274 2739 —
1301 2722 1408 2747 nunc
1450 2710 1688 2760 resupinato
1705 2730 1724 2737 -
1739 2721 1806 2747 re—
