<?xml version="1.0" encoding="UTF-8"?>
<!DOCTYPE html PUBLIC "-//W3C//DTD XHTML 1.0 Transitional//EN"
    "http://www.w3.org/TR/xhtml1/DTD/xhtml1-transitional.dtd">
<html xmlns="http://www.w3.org/1999/xhtml" xml:lang="en" lang="en">
 <head>
  <title>
</title>
<meta http-equiv="Content-Type" content="text/html;charset=utf-8" />
  <meta name='ocr-system' content='tesseract 3.04.00' />
  <meta name='ocr-capabilities' content='ocr_page ocr_carea ocr_par ocr_line ocrx_word'/>
</head>
<body>
  <div class='ocr_page' id='page_1' title='image "./conspectusfungor00albe_0194.png"; bbox 0 0 1928 3051; ppageno 0'>
   <div class='ocr_carea' id='block_1_1' title="bbox 355 226 425 265">
    <p class='ocr_par' dir='ltr' id='par_1_1' title="bbox 355 226 425 265">
     <span class='ocr_line' id='line_1_1' title="bbox 355 226 425 265; baseline 0.014 -1"><span class='ocrx_word' id='word_1_1' title='bbox 355 226 425 265; x_wconf 60' lang='lat'><strong>162</strong></span> 
     </span>
    </p>
   </div>
   <div class='ocr_carea' id='block_1_2' title="bbox 350 343 1694 1209">
    <p class='ocr_par' dir='ltr' id='par_1_2' title="bbox 350 343 1694 759">
     <span class='ocr_line' id='line_1_2' title="bbox 454 343 956 395; baseline 0 -14"><span class='ocrx_word' id='word_1_2' title='bbox 454 343 543 395; x_wconf 68' lang='lat'>463.</span> <span class='ocrx_word' id='word_1_3' title='bbox 590 344 639 381; x_wconf 82' lang='lat' dir='ltr'><strong>A.</strong></span> <span class='ocrx_word' id='word_1_4' title='bbox 682 343 729 382; x_wconf 89' lang='lat' dir='ltr'><strong>C.</strong></span> <span class='ocrx_word' id='word_1_5' title='bbox 770 343 956 381; x_wconf 83' lang='lat' dir='ltr'><strong>diluta.</strong></span> 
     </span>
     <span class='ocr_line' id='line_1_3' title="bbox 354 416 1692 468; baseline -0.002 -11"><span class='ocrx_word' id='word_1_6' title='bbox 354 419 483 457; x_wconf 78' lang='lat' dir='ltr'><strong>Pilcus</strong></span> <span class='ocrx_word' id='word_1_7' title='bbox 512 432 605 455; x_wconf 73' lang='lat' dir='ltr'><strong>umx</strong></span> <span class='ocrx_word' id='word_1_8' title='bbox 633 430 801 468; x_wconf 83' lang='lat' dir='ltr'><strong>prorsus</strong></span> <span class='ocrx_word' id='word_1_9' title='bbox 830 416 1039 462; x_wconf 83' lang='lat' dir='ltr'><strong>helvolus,</strong></span> <span class='ocrx_word' id='word_1_10' title='bbox 1076 429 1172 454; x_wconf 86' lang='lat' dir='ltr'><strong>mox</strong></span> <span class='ocrx_word' id='word_1_11' title='bbox 1198 429 1338 456; x_wconf 83' lang='lat' dir='ltr'><strong>versus</strong></span> <span class='ocrx_word' id='word_1_12' title='bbox 1367 420 1692 456; x_wconf 83' lang='lat' dir='ltr'><strong>c&#39;umamomeum</strong></span> 
     </span>
     <span class='ocr_line' id='line_1_4' title="bbox 351 489 1692 544; baseline -0.001 -13"><span class='ocrx_word' id='word_1_13' title='bbox 351 505 545 544; x_wconf 73' lang='lat' dir='ltr'><strong>vergens,</strong></span> <span class='ocrx_word' id='word_1_14' title='bbox 590 489 679 544; x_wconf 64' lang='lat' dir='ltr'><em>1s1}</em></span> <span class='ocrx_word' id='word_1_15' title='bbox 708 504 802 529; x_wconf 86' lang='lat' dir='ltr'><strong>unc.</strong></span> <span class='ocrx_word' id='word_1_16' title='bbox 833 490 962 528; x_wconf 85' lang='lat' dir='ltr'><strong>latus:</strong></span> <span class='ocrx_word' id='word_1_17' title='bbox 1002 500 1043 528; x_wconf 88' lang='lat' dir='ltr'><strong>et</strong></span> <span class='ocrx_word' id='word_1_18' title='bbox 1069 493 1111 528; x_wconf 88' lang='lat' dir='ltr'><strong>in</strong></span> <span class='ocrx_word' id='word_1_19' title='bbox 1137 493 1368 529; x_wconf 86' lang='lat' dir='ltr'><strong>universum</strong></span> <span class='ocrx_word' id='word_1_20' title='bbox 1406 491 1586 542; x_wconf 85' lang='lat' dir='ltr'><strong>exempla</strong></span> <span class='ocrx_word' id='word_1_21' title='bbox 1614 503 1692 529; x_wconf 87' lang='lat' dir='ltr'><strong>no-</strong></span> 
     </span>
     <span class='ocr_line' id='line_1_5' title="bbox 351 563 1694 616; baseline -0.001 -12"><span class='ocrx_word' id='word_1_22' title='bbox 351 578 431 605; x_wconf 80' lang='lat' dir='ltr'><strong>stra</strong></span> <span class='ocrx_word' id='word_1_23' title='bbox 467 566 745 616; x_wconf 77' lang='lat' dir='ltr'><strong>descriptione</strong></span> <span class='ocrx_word' id='word_1_24' title='bbox 786 563 1060 602; x_wconf 67' lang='lat' dir='ltr'><strong>Persooniana</strong></span> <span class='ocrx_word' id='word_1_25' title='bbox 1099 564 1338 616; x_wconf 87' lang='lat' dir='ltr'><strong>plerumque</strong></span> <span class='ocrx_word' id='word_1_26' title='bbox 1375 564 1578 616; x_wconf 85' lang='lat' dir='ltr'><strong>aliquanto</strong></span> <span class='ocrx_word' id='word_1_27' title='bbox 1617 568 1694 602; x_wconf 87' lang='lat' dir='ltr'><strong>mi·</strong></span> 
     </span>
     <span class='ocr_line' id='line_1_6' title="bbox 350 638 1691 690; baseline 0 -13"><span class='ocrx_word' id='word_1_28' title='bbox 350 654 450 677; x_wconf 81' lang='lat' dir='ltr'><strong>nora</strong></span> <span class='ocrx_word' id='word_1_29' title='bbox 477 653 525 677; x_wconf 82' lang='lat' dir='ltr'><strong>ac</strong></span> <span class='ocrx_word' id='word_1_30' title='bbox 555 641 751 676; x_wconf 75' lang='lat' dir='ltr'>tenuiora.</span> <span class='ocrx_word' id='word_1_31' title='bbox 812 638 972 676; x_wconf 83' lang='lat' dir='ltr'>Crescit</span> <span class='ocrx_word' id='word_1_32' title='bbox 999 638 1104 676; x_wconf 89' lang='lat' dir='ltr'><strong>locis</strong></span> <span class='ocrx_word' id='word_1_33' title='bbox 1137 638 1415 676; x_wconf 79' lang='lat' dir='ltr'><strong>consimilibus</strong></span> <span class='ocrx_word' id='word_1_34' title='bbox 1443 652 1492 676; x_wconf 88' lang='lat' dir='ltr'><strong>ac</strong></span> <span class='ocrx_word' id='word_1_35' title='bbox 1521 651 1691 690; x_wconf 83' lang='lat' dir='ltr'><strong>praece-</strong></span> 
     </span>
     <span class='ocr_line' id='line_1_7' title="bbox 352 711 1558 759; baseline -0.001 -8"><span class='ocrx_word' id='word_1_36' title='bbox 352 715 477 759; x_wconf 77' lang='lat' dir='ltr'><strong>dens,</strong></span> <span class='ocrx_word' id='word_1_37' title='bbox 511 717 574 751; x_wconf 89' lang='lat' dir='ltr'><strong>cui</strong></span> <span class='ocrx_word' id='word_1_38' title='bbox 604 711 811 751; x_wconf 67' lang='lat' dir='ltr'><strong>sutaffinis</strong></span> <span class='ocrx_word' id='word_1_39' title='bbox 842 722 905 750; x_wconf 77' lang='lat' dir='ltr'><strong>est</strong></span> <span class='ocrx_word' id='word_1_40' title='bbox 933 726 980 750; x_wconf 83' lang='lat' dir='ltr'><strong>ac</strong></span> <span class='ocrx_word' id='word_1_41' title='bbox 1009 725 1186 759; x_wconf 82' lang='lat' dir='ltr'><strong>coaeva;</strong></span> <span class='ocrx_word' id='word_1_42' title='bbox 1224 712 1299 750; x_wconf 87' lang='lat' dir='ltr'><strong>sed</strong></span> <span class='ocrx_word' id='word_1_43' title='bbox 1325 712 1558 751; x_wconf 76' lang='lat' dir='ltr'><strong>rariuscula.</strong></span> 
     </span>
    </p>

    <p class='ocr_par' dir='ltr' id='par_1_3' title="bbox 352 787 1693 1209">
     <span class='ocr_line' id='line_1_8' title="bbox 454 787 1070 838; baseline -0.002 -14"><span class='ocrx_word' id='word_1_44' title='bbox 454 787 545 836; x_wconf 61' lang='lat'><strong>464.</strong></span> <span class='ocrx_word' id='word_1_45' title='bbox 593 787 638 823; x_wconf 82' lang='lat' dir='ltr'><strong>A.</strong></span> <span class='ocrx_word' id='word_1_46' title='bbox 679 787 727 824; x_wconf 93' lang='lat' dir='ltr'><strong>C.</strong></span> <span class='ocrx_word' id='word_1_47' title='bbox 769 787 1070 838; x_wconf 70' lang='lat' dir='ltr'><strong>pyriodora.</strong></span> 
     </span>
     <span class='ocr_line' id='line_1_9' title="bbox 354 845 1693 914; baseline -0.002 -15"><span class='ocrx_word' id='word_1_48' title='bbox 354 862 481 900; x_wconf 84' lang='lat' dir='ltr'><strong>Color</strong></span> <span class='ocrx_word' id='word_1_49' title='bbox 508 861 603 914; x_wconf 75' lang='lat' dir='ltr'><strong>pilei</strong></span> <span class='ocrx_word' id='word_1_50' title='bbox 634 864 890 899; x_wconf 80' lang='lat' dir='ltr'><strong>cinerascens</strong></span> <span class='ocrx_word' id='word_1_51' title='bbox 919 870 986 898; x_wconf 86' lang='lat' dir='ltr'><strong>aut</strong></span> <span class='ocrx_word' id='word_1_52' title='bbox 1014 859 1317 912; x_wconf 77' lang='lat' dir='ltr'><strong>subqugineus.</strong></span> <span class='ocrx_word' id='word_1_53' title='bbox 1381 845 1556 898; x_wconf 65' lang='lat' dir='ltr'><strong>Odoren&#39;z</strong></span> <span class='ocrx_word' id='word_1_54' title='bbox 1583 858 1693 912; x_wconf 81' lang='lat' dir='ltr'><strong>fungi</strong></span> 
     </span>
     <span class='ocr_line' id='line_1_10' title="bbox 352 932 1689 987; baseline -0.003 -13"><span class='ocrx_word' id='word_1_55' title='bbox 352 940 483 974; x_wconf 79' lang='lat' dir='ltr'><strong>nostri</strong></span> <span class='ocrx_word' id='word_1_56' title='bbox 512 939 547 973; x_wconf 82' lang='lat' dir='ltr'><strong>ci</strong></span> <span class='ocrx_word' id='word_1_57' title='bbox 576 939 738 987; x_wconf 86' lang='lat' dir='ltr'><strong>potius,</strong></span> <span class='ocrx_word' id='word_1_58' title='bbox 781 949 900 986; x_wconf 86' lang='lat' dir='ltr'><strong>quem</strong></span> <span class='ocrx_word' id='word_1_59' title='bbox 934 935 1072 973; x_wconf 76' lang='lat' dir='ltr'><strong>Violac</strong></span> <span class='ocrx_word' id='word_1_60' title='bbox 1105 934 1299 971; x_wconf 77' lang='lat' dir='ltr'><strong>odoratae</strong></span> <span class='ocrx_word' id='word_1_61' title='bbox 1326 932 1451 971; x_wconf 84' lang='lat' dir='ltr'><strong>flores</strong></span> <span class='ocrx_word' id='word_1_62' title='bbox 1481 942 1689 985; x_wconf 82' lang='lat' dir='ltr'><strong>spargunt,</strong></span> 
     </span>
     <span class='ocr_line' id='line_1_11' title="bbox 353 1007 1691 1064; baseline -0.001 -16"><span class='ocrx_word' id='word_1_63' title='bbox 353 1025 472 1064; x_wconf 71' lang='lat' dir='ltr'><strong>quau}</strong></span> <span class='ocrx_word' id='word_1_64' title='bbox 517 1013 663 1063; x_wconf 84' lang='lat' dir='ltr'><strong>pyrino</strong></span> <span class='ocrx_word' id='word_1_65' title='bbox 708 1012 1115 1062; x_wconf 78' lang='lat' dir='ltr'><strong>aequiparaverimus.</strong></span> <span class='ocrx_word' id='word_1_66' title='bbox 1198 1009 1344 1046; x_wconf 82' lang='lat' dir='ltr'><strong>Rarior</strong></span> <span class='ocrx_word' id='word_1_67' title='bbox 1383 1011 1423 1044; x_wconf 89' lang='lat' dir='ltr'><strong>in</strong></span> <span class='ocrx_word' id='word_1_68' title='bbox 1456 1007 1691 1059; x_wconf 71' lang='lat' dir='ltr'><strong>regionibus</strong></span> 
     </span>
     <span class='ocr_line' id='line_1_12' title="bbox 352 1083 1692 1136; baseline -0.003 -14"><span class='ocrx_word' id='word_1_69' title='bbox 352 1088 504 1124; x_wconf 82' lang='lat' dir='ltr'><strong>nostris</strong></span> <span class='ocrx_word' id='word_1_70' title='bbox 533 1098 787 1136; x_wconf 82' lang='lat' dir='ltr'><strong>praecoxque</strong></span> <span class='ocrx_word' id='word_1_71' title='bbox 818 1086 978 1133; x_wconf 87' lang='lat' dir='ltr'><strong>species</strong></span> <span class='ocrx_word' id='word_1_72' title='bbox 1008 1083 1216 1134; x_wconf 76' lang='lat' dir='ltr'><strong>aliquoties</strong></span> <span class='ocrx_word' id='word_1_73' title='bbox 1241 1085 1281 1119; x_wconf 90' lang='lat' dir='ltr'><strong>in</strong></span> <span class='ocrx_word' id='word_1_74' title='bbox 1297 1083 1500 1134; x_wconf 62' lang='lat' dir='ltr'><strong>sjlvaticis</strong></span> <span class='ocrx_word' id='word_1_75' title='bbox 1521 1084 1692 1119; x_wconf 84' lang='lat' dir='ltr'><strong>siccius-</strong></span> 
     </span>
     <span class='ocr_line' id='line_1_13' title="bbox 354 1159 1693 1209; baseline -0.004 -12"><span class='ocrx_word' id='word_1_76' title='bbox 354 1159 478 1205; x_wconf 79' lang='lat' dir='ltr'><strong>culiS,</strong></span> <span class='ocrx_word' id='word_1_77' title='bbox 519 1160 757 1209; x_wconf 79' lang='lat' dir='ltr'><strong>praesertim</strong></span> <span class='ocrx_word' id='word_1_78' title='bbox 799 1159 840 1194; x_wconf 89' lang='lat' dir='ltr'><strong>in</strong></span> <span class='ocrx_word' id='word_1_79' title='bbox 876 1160 1026 1208; x_wconf 81' lang='lat' dir='ltr'><strong>pinetis</strong></span> <span class='ocrx_word' id='word_1_80' title='bbox 1063 1160 1218 1195; x_wconf 85' lang='lat' dir='ltr'><strong>viarum</strong></span> <span class='ocrx_word' id='word_1_81' title='bbox 1253 1169 1394 1195; x_wconf 83' lang='lat' dir='ltr'><strong>comes</strong></span> <span class='ocrx_word' id='word_1_82' title='bbox 1423 1166 1500 1194; x_wconf 88' lang='lat' dir='ltr'><strong>etc.</strong></span> <span class='ocrx_word' id='word_1_83' title='bbox 1529 1163 1693 1206; x_wconf 81' lang='lat' dir='ltr'><strong>reperta</strong></span> 
     </span>
    </p>
   </div>
   <div class='ocr_carea' id='block_1_3' title="bbox 354 1232 862 1283">
    <p class='ocr_par' dir='ltr' id='par_1_4' title="bbox 354 1232 862 1283">
     <span class='ocr_line' id='line_1_14' title="bbox 354 1232 862 1283; baseline -0.002 -13"><span class='ocrx_word' id='word_1_84' title='bbox 354 1233 439 1271; x_wconf 84' lang='lat' dir='ltr'><strong>l&#39;uit.</strong></span> <span class='ocrx_word' id='word_1_85' title='bbox 498 1232 629 1279; x_wconf 83' lang='lat' dir='ltr'><strong>Julio,</strong></span> <span class='ocrx_word' id='word_1_86' title='bbox 660 1233 862 1283; x_wconf 82' lang='lat' dir='ltr'><strong>AugustO.</strong></span> 
     </span>
    </p>
   </div>
   <div class='ocr_carea' id='block_1_4' title="bbox 740 1366 1307 1398">
    <p class='ocr_par' dir='ltr' id='par_1_5' title="bbox 740 1366 1307 1398">
     <span class='ocr_line' id='line_1_15' title="bbox 740 1366 1307 1398; baseline 0.002 -2"><span class='ocrx_word' id='word_1_87' title='bbox 740 1366 774 1398; x_wconf 90' lang='lat' dir='ltr'><strong>C.</strong></span> <span class='ocrx_word' id='word_1_88' title='bbox 817 1366 1307 1397; x_wconf 83' lang='lat' dir='ltr'><strong>GYMNOPODES.</strong></span> 
     </span>
    </p>
   </div>
   <div class='ocr_carea' id='block_1_5' title="bbox 354 1453 1698 2099">
    <p class='ocr_par' dir='ltr' id='par_1_6' title="bbox 354 1453 1698 2099">
     <span class='ocr_line' id='line_1_16' title="bbox 460 1453 1694 1499; baseline -0.002 -7"><span class='ocrx_word' id='word_1_89' title='bbox 460 1467 564 1493; x_wconf 78' lang='lat' dir='ltr'><strong>ons.</strong></span> <span class='ocrx_word' id='word_1_90' title='bbox 622 1453 823 1491; x_wconf 80' lang='lat' dir='ltr'><strong>Familiam</strong></span> <span class='ocrx_word' id='word_1_91' title='bbox 853 1453 1035 1499; x_wconf 81' lang='lat' dir='ltr'>hancce,</span> <span class='ocrx_word' id='word_1_92' title='bbox 1085 1453 1383 1492; x_wconf 80' lang='lat' dir='ltr'><strong>characteribus</strong></span> <span class='ocrx_word' id='word_1_93' title='bbox 1420 1456 1483 1491; x_wconf 84' lang='lat' dir='ltr'><strong>vix</strong></span> <span class='ocrx_word' id='word_1_94' title='bbox 1516 1455 1593 1491; x_wconf 85' lang='lat' dir='ltr'><strong>nisi</strong></span> <span class='ocrx_word' id='word_1_95' title='bbox 1621 1465 1694 1489; x_wconf 81' lang='lat' dir='ltr'><strong>ne-</strong></span> 
     </span>
     <span class='ocr_line' id='line_1_17' title="bbox 355 1526 1694 1582; baseline -0.003 -15"><span class='ocrx_word' id='word_1_96' title='bbox 355 1531 493 1582; x_wconf 80' lang='lat' dir='ltr'><strong>gativis</strong></span> <span class='ocrx_word' id='word_1_97' title='bbox 522 1531 718 1573; x_wconf 82' lang='lat' dir='ltr'><strong>innixam,</strong></span> <span class='ocrx_word' id='word_1_98' title='bbox 750 1531 931 1566; x_wconf 83' lang='lat' dir='ltr'><strong>terminis</strong></span> <span class='ocrx_word' id='word_1_99' title='bbox 959 1532 1000 1565; x_wconf 80' lang='lat' dir='ltr'><strong>in</strong></span> <span class='ocrx_word' id='word_1_100' title='bbox 1030 1528 1212 1566; x_wconf 73' lang='lat' dir='ltr'><strong>confinio</strong></span> <span class='ocrx_word' id='word_1_101' title='bbox 1242 1531 1480 1580; x_wconf 81' lang='lat' dir='ltr'><strong>praesertim</strong></span> <span class='ocrx_word' id='word_1_102' title='bbox 1508 1526 1694 1565; x_wconf 76' lang='lat' dir='ltr'><strong>Cortinn-</strong></span> 
     </span>
     <span class='ocr_line' id='line_1_18' title="bbox 357 1602 1693 1656; baseline -0.001 -17"><span class='ocrx_word' id='word_1_103' title='bbox 357 1605 532 1648; x_wconf 75' lang='lat' dir='ltr'><strong>riarum,</strong></span> <span class='ocrx_word' id='word_1_104' title='bbox 564 1604 858 1656; x_wconf 71' lang='lat' dir='ltr'><strong>Rchaencu-um</strong></span> <span class='ocrx_word' id='word_1_105' title='bbox 887 1616 934 1640; x_wconf 78' lang='lat' dir='ltr'><strong>ac</strong></span> <span class='ocrx_word' id='word_1_106' title='bbox 962 1602 1267 1654; x_wconf 71' lang='lat' dir='ltr'><strong>Omphaliamm</strong></span> <span class='ocrx_word' id='word_1_107' title='bbox 1289 1616 1430 1653; x_wconf 87' lang='lat' dir='ltr'><strong>parum</strong></span> <span class='ocrx_word' id='word_1_108' title='bbox 1454 1603 1574 1639; x_wconf 83' lang='lat' dir='ltr'><strong>certis</strong></span> <span class='ocrx_word' id='word_1_109' title='bbox 1594 1613 1693 1638; x_wconf 89' lang='lat' dir='ltr'><strong>con-</strong></span> 
     </span>
     <span class='ocr_line' id='line_1_19' title="bbox 358 1676 1696 1728; baseline -0.003 -13"><span class='ocrx_word' id='word_1_110' title='bbox 358 1681 496 1724; x_wconf 83' lang='lat' dir='ltr'><strong>tineri,</strong></span> <span class='ocrx_word' id='word_1_111' title='bbox 527 1680 631 1715; x_wconf 89' lang='lat' dir='ltr'><strong>inter</strong></span> <span class='ocrx_word' id='word_1_112' title='bbox 660 1690 803 1714; x_wconf 86' lang='lat' dir='ltr'><strong>omnes</strong></span> <span class='ocrx_word' id='word_1_113' title='bbox 834 1687 1008 1714; x_wconf 80' lang='lat' dir='ltr'><strong>constat.</strong></span> <span class='ocrx_word' id='word_1_114' title='bbox 1050 1677 1184 1728; x_wconf 79' lang='lat' dir='ltr'><strong>Atque</strong></span> <span class='ocrx_word' id='word_1_115' title='bbox 1213 1677 1293 1714; x_wconf 74' lang='lat' dir='ltr'><strong>huc</strong></span> <span class='ocrx_word' id='word_1_116' title='bbox 1322 1676 1417 1714; x_wconf 89' lang='lat' dir='ltr'><strong>illud</strong></span> <span class='ocrx_word' id='word_1_117' title='bbox 1437 1678 1696 1727; x_wconf 79' lang='lat' dir='ltr'><strong>potissimum</strong></span> 
     </span>
     <span class='ocr_line' id='line_1_20' title="bbox 357 1748 1695 1804; baseline -0.003 -14"><span class='ocrx_word' id='word_1_118' title='bbox 357 1761 542 1804; x_wconf 81' lang='lat' dir='ltr'><strong>spectat,</strong></span> <span class='ocrx_word' id='word_1_119' title='bbox 578 1751 685 1802; x_wconf 85' lang='lat' dir='ltr'><strong>quod</strong></span> <span class='ocrx_word' id='word_1_120' title='bbox 715 1752 906 1802; x_wconf 78' lang='lat' dir='ltr'><strong>exemplis</strong></span> <span class='ocrx_word' id='word_1_121' title='bbox 935 1751 1036 1788; x_wconf 83' lang='lat' dir='ltr'><strong>infra</strong></span> <span class='ocrx_word' id='word_1_122' title='bbox 1065 1750 1340 1802; x_wconf 76' lang='lat' dir='ltr'><strong>compluribus</strong></span> <span class='ocrx_word' id='word_1_123' title='bbox 1370 1748 1695 1788; x_wconf 77' lang='lat' dir='ltr'><strong>confirmandum</strong></span> 
     </span>
     <span class='ocr_line' id='line_1_21' title="bbox 356 1823 1697 1877; baseline -0.001 -14"><span class='ocrx_word' id='word_1_124' title='bbox 356 1829 396 1863; x_wconf 92' lang='lat' dir='ltr'><strong>in</strong></span> <span class='ocrx_word' id='word_1_125' title='bbox 425 1829 655 1863; x_wconf 80' lang='lat' dir='ltr'><strong>universum</strong></span> <span class='ocrx_word' id='word_1_126' title='bbox 695 1824 771 1875; x_wconf 80' lang='lat' dir='ltr'><strong>jam</strong></span> <span class='ocrx_word' id='word_1_127' title='bbox 810 1839 1153 1876; x_wconf 76' lang='lat' dir='ltr'><strong>praemonemus,</strong></span> <span class='ocrx_word' id='word_1_128' title='bbox 1200 1823 1506 1877; x_wconf 75' lang='lat' dir='ltr'><strong>Gymnopodum</strong></span> <span class='ocrx_word' id='word_1_129' title='bbox 1539 1823 1697 1862; x_wconf 81' lang='lat' dir='ltr'><strong>scilicet</strong></span> 
     </span>
     <span class='ocr_line' id='line_1_22' title="bbox 354 1898 1698 1951; baseline -0.001 -14"><span class='ocrx_word' id='word_1_130' title='bbox 354 1912 593 1945; x_wconf 85' lang='lat' dir='ltr'><strong>numerum,</strong></span> <span class='ocrx_word' id='word_1_131' title='bbox 639 1901 672 1937; x_wconf 86' lang='lat' dir='ltr'><strong>si</strong></span> <span class='ocrx_word' id='word_1_132' title='bbox 700 1899 776 1936; x_wconf 88' lang='lat' dir='ltr'><strong>veli</strong></span> <span class='ocrx_word' id='word_1_133' title='bbox 803 1902 844 1936; x_wconf 92' lang='lat' dir='ltr'><strong>in</strong></span> <span class='ocrx_word' id='word_1_134' title='bbox 871 1898 1097 1951; x_wconf 79' lang='lat' dir='ltr'><strong>junioiibus</strong></span> <span class='ocrx_word' id='word_1_135' title='bbox 1127 1902 1245 1936; x_wconf 81' lang='lat' dir='ltr'><strong>etiam</strong></span> <span class='ocrx_word' id='word_1_136' title='bbox 1277 1900 1505 1950; x_wconf 81' lang='lat' dir='ltr'><strong>praesentis</strong></span> <span class='ocrx_word' id='word_1_137' title='bbox 1545 1898 1698 1948; x_wconf 85' lang='lat' dir='ltr'><strong>(prout</strong></span> 
     </span>
     <span class='ocr_line' id='line_1_23' title="bbox 355 1970 1693 2025; baseline -0.003 -14"><span class='ocrx_word' id='word_1_138' title='bbox 355 1987 428 2025; x_wconf 82' lang='lat' dir='ltr'><strong>par</strong></span> <span class='ocrx_word' id='word_1_139' title='bbox 457 1975 546 2024; x_wconf 84' lang='lat' dir='ltr'><strong>est)</strong></span> <span class='ocrx_word' id='word_1_140' title='bbox 584 1975 778 2010; x_wconf 77' lang='lat' dir='ltr'><strong>rationem</strong></span> <span class='ocrx_word' id='word_1_141' title='bbox 819 1975 1004 2018; x_wconf 84' lang='lat' dir='ltr'><strong>iniveris,</strong></span> <span class='ocrx_word' id='word_1_142' title='bbox 1045 1973 1153 2010; x_wconf 84' lang='lat' dir='ltr'><strong>haud</strong></span> <span class='ocrx_word' id='word_1_143' title='bbox 1191 1986 1332 2024; x_wconf 83' lang='lat' dir='ltr'><strong>parum</strong></span> <span class='ocrx_word' id='word_1_144' title='bbox 1362 1970 1693 2016; x_wconf 84' lang='lat' dir='ltr'><strong>imminuendum,</strong></span> 
     </span>
     <span class='ocr_line' id='line_1_24' title="bbox 360 2046 1693 2099; baseline -0.002 -15"><span class='ocrx_word' id='word_1_145' title='bbox 360 2046 683 2084; x_wconf 69' lang='lat' dir='ltr'><strong>Corzinariarnm</strong></span> <span class='ocrx_word' id='word_1_146' title='bbox 731 2057 875 2085; x_wconf 84' lang='lat' dir='ltr'><strong>contra</strong></span> <span class='ocrx_word' id='word_1_147' title='bbox 913 2047 1139 2099; x_wconf 78' lang='lat' dir='ltr'><strong>augendum</strong></span> <span class='ocrx_word' id='word_1_148' title='bbox 1179 2060 1269 2085; x_wconf 83' lang='lat' dir='ltr'><strong>esse</strong></span> <span class='ocrx_word' id='word_1_149' title='bbox 1303 2068 1357 2076; x_wconf 91' lang='lat'>—</span> <span class='ocrx_word' id='word_1_150' title='bbox 1388 2060 1436 2084; x_wconf 86' lang='lat' dir='ltr'><strong>ac</strong></span> <span class='ocrx_word' id='word_1_151' title='bbox 1470 2059 1606 2083; x_wconf 84' lang='lat' dir='ltr'><strong>veram</strong></span> <span class='ocrx_word' id='word_1_152' title='bbox 1641 2048 1693 2082; x_wconf 72' lang='lat' dir='ltr'><strong>ita</strong></span> 
     </span>
    </p>
   </div>
   <div class='ocr_carea' id='block_1_6' title="bbox 356 2121 1569 2174">
    <p class='ocr_par' dir='ltr' id='par_1_7' title="bbox 356 2121 1569 2174">
     <span class='ocr_line' id='line_1_25' title="bbox 356 2121 1569 2174; baseline -0.001 -16"><span class='ocrx_word' id='word_1_153' title='bbox 356 2125 461 2160; x_wconf 82' lang='lat' dir='ltr'><strong>inter</strong></span> <span class='ocrx_word' id='word_1_154' title='bbox 488 2131 699 2174; x_wconf 79' lang='lat' dir='ltr'><strong>utramque</strong></span> <span class='ocrx_word' id='word_1_155' title='bbox 729 2121 874 2159; x_wconf 84' lang='lat' dir='ltr'><strong>tribum</strong></span> <span class='ocrx_word' id='word_1_156' title='bbox 904 2124 1222 2173; x_wconf 81' lang='lat' dir='ltr'><strong>proportionem</strong></span> <span class='ocrx_word' id='word_1_157' title='bbox 1250 2124 1481 2159; x_wconf 86' lang='lat' dir='ltr'><strong>restitutum</strong></span> <span class='ocrx_word' id='word_1_158' title='bbox 1509 2122 1569 2157; x_wconf 89' lang='lat' dir='ltr'><strong>iri.</strong></span> 
     </span>
    </p>
   </div>
   <div class='ocr_carea' id='block_1_7' title="bbox 461 2243 1381 2396">
    <p class='ocr_par' dir='ltr' id='par_1_8' title="bbox 461 2243 1381 2396">
     <span class='ocr_line' id='line_1_26' title="bbox 668 2243 1381 2303; baseline -0.004 -17"><span class='ocrx_word' id='word_1_159' title='bbox 668 2250 712 2297; x_wconf 84' lang='lat' dir='ltr'><strong>a)</strong></span> <span class='ocrx_word' id='word_1_160' title='bbox 769 2245 1020 2292; x_wconf 77' lang='grc' dir='ltr'><em>Βτιᾶὶί,</em></span> <span class='ocrx_word' id='word_1_161' title='bbox 1077 2243 1240 2303; x_wconf 76' lang='lat' dir='ltr'><strong>rufi</strong></span> <span class='ocrx_word' id='word_1_162' title='bbox 1294 2257 1381 2283; x_wconf 73' lang='lat' dir='ltr'><strong>ecc.</strong></span> 
     </span>
     <span class='ocr_line' id='line_1_27' title="bbox 461 2344 1077 2396; baseline -0.003 -13"><span class='ocrx_word' id='word_1_163' title='bbox 461 2344 552 2395; x_wconf 66' lang='lat'><strong>465.</strong></span> <span class='ocrx_word' id='word_1_164' title='bbox 598 2345 647 2383; x_wconf 81' lang='lat' dir='ltr'><strong>A.</strong></span> <span class='ocrx_word' id='word_1_165' title='bbox 692 2344 747 2383; x_wconf 90' lang='lat' dir='ltr'><strong>G.</strong></span> <span class='ocrx_word' id='word_1_166' title='bbox 788 2345 1077 2396; x_wconf 85' lang='lat' dir='ltr'><strong>pratensis.</strong></span> 
     </span>
    </p>
   </div>
   <div class='ocr_carea' id='block_1_8' title="bbox 359 2419 1697 2691">
    <p class='ocr_par' dir='ltr' id='par_1_9' title="bbox 723 2419 1010 2464">
     <span class='ocr_line' id='line_1_28' title="bbox 723 2419 1010 2464; baseline -0.01 -7"><span class='ocrx_word' id='word_1_167' title='bbox 723 2434 764 2464; x_wconf 81' lang='grc' dir='ltr'><strong>α,</strong></span> <span class='ocrx_word' id='word_1_168' title='bbox 797 2419 1010 2455; x_wconf 82' lang='lat' dir='ltr'><strong>communis</strong></span> 
     </span>
    </p>

    <p class='ocr_par' dir='ltr' id='par_1_10' title="bbox 359 2491 1697 2691">
     <span class='ocr_line' id='line_1_29' title="bbox 724 2491 979 2539; baseline -0.008 -9"><span class='ocrx_word' id='word_1_169' title='bbox 724 2491 760 2539; x_wconf 77' lang='grc' dir='ltr'><strong>ὸ,</strong></span> <span class='ocrx_word' id='word_1_170' title='bbox 790 2492 979 2529; x_wconf 75' lang='lat' dir='ltr'><strong>vitulinus</strong></span> 
     </span>
     <span class='ocr_line' id='line_1_30' title="bbox 359 2561 1696 2618; baseline -0.004 -14"><span class='ocrx_word' id='word_1_171' title='bbox 359 2567 490 2604; x_wconf 79' lang='lat' dir='ltr'><strong>Totus</strong></span> <span class='ocrx_word' id='word_1_172' title='bbox 517 2567 662 2618; x_wconf 82' lang='lat' dir='ltr'><strong>fungus</strong></span> <span class='ocrx_word' id='word_1_173' title='bbox 691 2576 933 2618; x_wconf 80' lang='lat' dir='ltr'><strong>compactus</strong></span> <span class='ocrx_word' id='word_1_174' title='bbox 963 2566 1087 2605; x_wconf 86' lang='lat' dir='ltr'><strong>durus</strong></span> <span class='ocrx_word' id='word_1_175' title='bbox 1125 2579 1265 2618; x_wconf 86' lang='lat' dir='ltr'><strong>parum</strong></span> <span class='ocrx_word' id='word_1_176' title='bbox 1303 2563 1586 2609; x_wconf 85' lang='lat' dir='ltr'><strong>succulentus,</strong></span> <span class='ocrx_word' id='word_1_177' title='bbox 1626 2561 1696 2599; x_wconf 78' lang='lat' dir='ltr'><strong>fri-</strong></span> 
     </span>
     <span class='ocr_line' id='line_1_31' title="bbox 359 2635 1697 2691; baseline -0.004 -14"><span class='ocrx_word' id='word_1_178' title='bbox 359 2642 448 2691; x_wconf 80' lang='lat' dir='ltr'><strong>gori</strong></span> <span class='ocrx_word' id='word_1_179' title='bbox 476 2640 569 2677; x_wconf 86' lang='lat' dir='ltr'><strong>inde</strong></span> <span class='ocrx_word' id='word_1_180' title='bbox 599 2641 666 2678; x_wconf 89' lang='lat' dir='ltr'><strong>diu</strong></span> <span class='ocrx_word' id='word_1_181' title='bbox 693 2644 912 2688; x_wconf 82' lang='lat' dir='ltr'><strong>resistens,</strong></span> <span class='ocrx_word' id='word_1_182' title='bbox 950 2643 1132 2679; x_wconf 81' lang='lat' dir='ltr'><strong>autumni</strong></span> <span class='ocrx_word' id='word_1_183' title='bbox 1162 2641 1331 2678; x_wconf 84' lang='lat' dir='ltr'><strong>serotini</strong></span> <span class='ocrx_word' id='word_1_184' title='bbox 1358 2651 1509 2676; x_wconf 83' lang='lat' dir='ltr'><strong>amans.</strong></span> <span class='ocrx_word' id='word_1_185' title='bbox 1566 2635 1697 2688; x_wconf 80' lang='lat' dir='ltr'><strong>Stipes</strong></span> 
     </span>
    </p>
   </div>
   <div class='ocr_carea' id='block_1_9' title="bbox 362 2713 1692 2766">
    <p class='ocr_par' dir='ltr' id='par_1_11' title="bbox 362 2713 1692 2766">
     <span class='ocr_line' id='line_1_32' title="bbox 362 2713 1692 2766; baseline -0.002 -15"><span class='ocrx_word' id='word_1_186' title='bbox 362 2727 483 2765; x_wconf 80' lang='lat' dir='ltr'><strong>saepe</strong></span> <span class='ocrx_word' id='word_1_187' title='bbox 519 2713 738 2752; x_wconf 79' lang='lat' dir='ltr'><strong>admodum</strong></span> <span class='ocrx_word' id='word_1_188' title='bbox 779 2715 926 2753; x_wconf 75' lang='lat' dir='ltr'><strong>brevis.</strong></span> <span class='ocrx_word' id='word_1_189' title='bbox 991 2716 1147 2753; x_wconf 82' lang='lat' dir='ltr'><strong>Mixtim</strong></span> <span class='ocrx_word' id='word_1_190' title='bbox 1187 2715 1376 2766; x_wconf 76' lang='lat' dir='ltr'><strong>provenit</strong></span> <span class='ocrx_word' id='word_1_191' title='bbox 1413 2721 1581 2764; x_wconf 81' lang='lat' dir='ltr'><strong>utraque</strong></span> <span class='ocrx_word' id='word_1_192' title='bbox 1612 2724 1692 2749; x_wconf 86' lang='lat' dir='ltr'><strong>var.</strong></span> 
     </span>
    </p>
   </div>
  </div>
 </body>
</html>
