1928 3051
209 857 288 888 Τὼ.
307 858 367 888 lx.

249 921 271 951 f.
299 932 323 951 1.

205 2344 283 2374 Tab.
318 2344 360 2374 V.

395 149 446 188 Go

394 271 515 307 unico
552 271 656 306 inter
693 280 905 319 utriunque
944 280 1071 319 genus
1111 280 1204 305 vore
1244 277 1284 305 et
1314 278 1553 306 constanter
1590 269 1735 308 distin-

395 345 526 387 ctivo,
565 342 672 392 apud
703 341 923 394 Xylomata
966 341 1026 391 jus
1056 343 1225 378 civitatis
1255 341 1434 387 obtinet;
1476 345 1642 382 corticis
1671 345 1733 380 ni—

394 419 536 452 mirum
577 429 651 466 per
679 415 844 453 fissuras
873 417 998 454 varias
1027 416 1253 461 anomalas,
1292 429 1370 454 nec
1402 419 1544 454 rimam
1572 420 1734 455 unicam

393 489 718 540 longitudinalem
759 488 1006 540 regularem,
1061 488 1307 540 diruptione.
1392 490 1576 528 Alterum
1624 493 1732 529 enim

391 564 691 608 characterem,
733 576 756 601 a
784 563 1005 602 substantia
1034 563 1167 601 nuclei
1200 563 1278 601 illic
1308 564 1491 602 molliore
1523 568 1635 617 quasi
1666 577 1734 603 ce-

390 639 530 683 racea,
564 638 629 675 liic
658 637 834 675 firmiore
864 650 994 688 paene
1024 638 1192 675 carnosa-*1
1221 637 1551 689 suppeditatum,
1588 653 1749 690 parum

391 712 654 750 universalem
684 711 951 763 stabilemque
980 725 1096 758 esse,
1136 713 1328 768 exemplis
1359 713 1640 765 compluribus
1671 716 1732 751 in-

391 785 448 824 fra
480 785 735 824 docebimur.

500 873 585 910 170.
634 861 688 897 X.
730 859 859 896 Ledi
895 873 1060 899 nonis.

391 935 442 971 Χ.
473 946 651 985 sparsum
688 947 895 985 erumpens
926 934 1110 985 pusillum
1140 935 1493 987 hemisphacricum
1521 934 1582 972 vel
1611 935 1731 972 hemi·

392 1007 682 1060 ellipsoideum,
715 1010 862 1045 cortice
890 1023 1015 1061 opaco
1038 1006 1157 1065 fusco
1177 1029 1191 1037 -
1210 1010 1460 1059 nigricante,
1493 1010 1533 1046 in
1563 1009 1732 1047 lacinias

390 1081 532 1119 deinde
568 1085 705 1119 varias
745 1084 854 1119 circa
883 1083 1058 1120 nucleum
1088 1081 1422 1120 subtremellosum
1452 1082 1577 1120 dilate
1603 1083 1731 1121 viola·

390 1171 498 1194 ceum
529 1167 679 1193 erectas
711 1156 942 1194 dehiscente.

468 1230 638 1269 Statura
665 1234 842 1278 minuta,
874 1231 1002 1269 lineae
1036 1233 1097 1269 vix
1124 1234 1258 1269 unius.
1315 1231 1467 1267 Forma
1494 1231 1731 1271 orbicularis

388 1305 451 1343 vel
480 1305 678 1356 elliptica,
717 1308 837 1343 etiam
866 1304 1140 1344 subanomala.
1203 1304 1352 1344 Cortex
1380 1305 1529 1352 durus,
1560 1306 1727 1357 rigidus,

387 1379 654 1418 laeviusculus
690 1379 789 1430 (per
824 1378 975 1416 lentem
1003 1379 1270 1431 rugulosus),
1310 1383 1445 1418 siccus
1473 1382 1728 1432 nigrescens,

388 1453 643 1494 humectatus
690 1453 1111 1507 ferrugineo-Fuscus
1146 1476 1198 1483 ——
1241 1453 1630 1493 subcircumscissus
1666 1457 1729 1492 in-

389 1528 547 1566 terdum
584 1539 700 1581 parte
739 1532 953 1581 superiore
992 1528 1182 1574 orbatus,
1239 1542 1287 1566 ac
1322 1531 1376 1565 ita
1416 1527 1565 1566 discum
1595 1529 1729 1567 nuclei

381 1598 707 1660 fructificantem
737 1604 940 1650 denudat;
983 1602 1056 1643 sed
1095 1603 1357 1654 utplurimum
1387 1616 1409 1640 e
1439 1612 1582 1641 centro
1615 1616 1728 1641 com-

385 1680 495 1715 muni
543 1679 812 1730 irregulariter
857 1678 978 1717 fissus
1025 1680 1067 1714 in
1103 1677 1266 1715 lacinias
1306 1690 1428 1728 saepe
1466 1677 1729 1729 triangulares

386 1751 674 1804 subaequales,
732 1764 909 1791 attamen
961 1764 1267 1803 nonnumquam
1320 1754 1438 1789 etiam
1495 1751 1725 1804 quadratas,

387 1824 597 1865 difformes
635 1837 744 1873 etc.,
794 1830 835 1864 in
872 1829 1092 1878 marginem
1123 1835 1304 1863 erectum
1340 1825 1583 1876 dispositas,
1625 1826 1726 1864 hiat.

390 1898 564 1936 Nuclcus
593 1900 796 1952 eleganter
823 1913 1034 1953 purpureo
1052 1921 1070 1927 -
1087 1899 1334 1945 violascens,
1366 1900 1646 1948 mollissimus,
1677 1901 1728 1938 ad

388 1972 647 2012 substantiam
678 1976 947 2014 tremellosam
977 1987 1112 2026 prope
1139 1973 1321 2020 accedit,
1362 1977 1587 2013 exsiccatus
1617 1977 1725 2012 enim

388 2048 638 2085 contrahitur
666 2058 708 2086 et
735 2051 926 2101 nigricat:
975 2049 1075 2100 aqua
1111 2047 1291 2086 refectus
1329 2048 1438 2086 illico
1475 2050 1726 2088 reviviscens

387 2121 569 2159 colorem
598 2125 813 2173 pristinum
842 2122 1112 2175 volumenque
1140 2125 1323 2160 resumit.
1344 2143 1396 2150 —
1423 2123 1613 2160 provenit
1637 2122 1727 2160 fun-

384 2195 497 2246 gillus
534 2196 806 2235 memorabilis
842 2199 884 2234 in
920 2197 1024 2235 Ledi
1062 2196 1253 2249 palustris
1288 2196 1451 2235 ramulis
1479 2197 1599 2236 aridis
1629 2197 1726 2236 hinc

383 2269 502 2308 inde:
531 2270 685 2321 Aprili,
716 2270 794 2322 jam
824 2271 997 2310 effoetus
1026 2272 1154 2310 Maio.

493 2357 579 2394 171.
625 2346 681 2382 X.
724 2346 839 2383 Pini
875 2360 1043 2385 nonis.

385 2418 435 2454 X.
466 2417 772 2469 subgregat’izcm
806 2434 1010 2473 erumpens
1047 2419 1246 2457 mediocre
1281 2418 1532 2471 pulvinatum
1568 2419 1631 2457 vel
1660 2434 1723 2457 co·

386 2492 471 2528 nico
490 2513 504 2519 -
525 2504 772 2539 truncatum,
827 2497 974 2533 cortice
1010 2494 1156 2546 glabro
1186 2505 1275 2531 atro
1304 2495 1418 2531 varie
1446 2494 1603 2539 hiante,
1653 2509 1722 2530 nu·

386 2565 466 2602 cleo
486 2562 616 2620 firmo
647 2582 812 2606 carnoso
844 2569 956 2616 albo,
988 2569 1095 2606 flisco
1125 2567 1305 2605 molliore
1325 2564 1542 2623 fuliginem

463 2641 592 2692 Saepe
621 2645 716 2682 satis
756 2643 984 2682 confertum
1014 2647 1188 2692 crescit,
1231 2643 1424 2694 exemplis
1452 2643 1603 2696 aliquot
1630 2655 1725 2695 pas·
