1928 3051
467 231 541 279 276

841 344 877 374 C.
939 345 962 373 C
1005 345 1034 374 Ο
1077 344 1107 373 R
1147 344 1176 373 T
1217 343 1234 372 l
1277 343 1301 373 C
1343 343 1360 373 1
1403 346 1438 375 A.

724 410 767 458 a)
824 407 1553 446 Pallente-carnea.

567 495 655 545 819.
699 494 750 531 T.
795 495 1064 546 quercina.

464 568 634 607 Sordide
663 580 833 613 carnea,
874 566 966 618 plus
1002 568 1135 606 minus
1170 579 1332 619 rugosa.
1391 566 1600 606 Invenitur
1627 567 1678 606 ad
1704 567 1808 621 ligna

465 646 656 696 quercina
684 642 767 693 igni
795 641 1019 687 destinata,
1065 644 1162 679 item
1195 641 1246 679 ad
1282 651 1451 680 truncos
1478 655 1696 695 ramosque
1725 643 1809 696 syl-

464 720 615 756 vaticos
646 718 709 765 (v.
737 729 774 753 c.
810 715 991 766 Trcinke)
1018 728 1323 769 nonnumquam
1342 715 1529 755 abunde:
1559 718 1807 757 autumnalis.

567 793 659 830 820.
689 791 742 828 T.
779 789 1035 829 abietina.

828 863 906 913 ββ,
936 865 1057 915 pinea

463 940 670 979 Convenit
703 952 786 977 var.
828 948 970 977 nostra
1009 951 1101 977 cum
1139 953 1179 986 α,
1211 937 1445 977 membran&
1481 939 1666 978 coriacea
1703 941 1809 978 sicca

463 1013 690 1054 semiliber&
721 1011 863 1062 (facile
892 1026 914 1051 a
941 1015 1110 1051 matrice
1138 1013 1322 1063 solubili)
1351 1013 1413 1051 vel
1435 1014 1620 1052 circulari
1642 1014 1805 1066 peltata,

462 1089 548 1135 vel,
607 1087 797 1139 exemplis
846 1086 1029 1138 pluribus
1078 1086 1410 1135 confluentibus,
1468 1088 1810 1140 longitudinaliter

464 1162 691 1214 productim
750 1174 879 1213 porro
926 1171 967 1199 et
1014 1161 1197 1213 hymenio
1247 1174 1394 1199 carneo
1422 1184 1441 1190 -
1466 1172 1807 1214 purpurascente‚

464 1236 559 1274 dein
594 1235 869 1275 Fuscescente.
907 1256 960 1264 —
996 1235 1077 1272 Sed
1115 1234 1257 1273 subtus
1307 1235 1475 1274 sordide
1522 1236 1610 1274 alba
1648 1247 1712 1274 est
1744 1246 1812 1274 aut

462 1309 641 1362 pallens,
672 1313 734 1347 vix
763 1318 1005 1347 tomentosa.
1065 1307 1254 1360 Papillae
1280 1308 1548 1361 majusculae,
1582 1314 1807 1361 pruinatae,

462 1384 759 1423 nitidiusculae.
819 1383 1005 1434 Copiose
1035 1392 1214 1434 occupat
1240 1382 1342 1422 haec
1369 1393 1532 1423 nostras
1556 1384 1706 1437 ubique
1724 1383 1810 1424 Fere

463 1468 633 1498 truncos
662 1468 705 1497 et
731 1460 915 1510 apprime
943 1469 1079 1496 ramos
1115 1458 1253 1509 pineos
1292 1458 1397 1508 (nec
1436 1451 1628 1496 abietinas
1666 1458 1808 1498 hacte-

460 1535 574 1584 nus).
630 1533 862 1579 Autumno,
892 1531 1060 1584 hyeme,
1091 1545 1202 1571 vere.

565 1607 656 1645 821.
703 1608 751 1645 T.
791 1610 1086 1645 incarnata.

463 1679 704 1719 DIembrana
732 1684 890 1720 matrici
925 1691 1036 1720 arcte
1073 1693 1290 1734 appr-essa,
1327 1680 1492 1733 papillis
1526 1681 1806 1722 mediocribus

460 1758 595 1806 parcis
624 1755 833 1807 adspersa.
892 1756 1087 1794 Provenit
1114 1756 1164 1794 ad
1195 1766 1363 1795 truncos
1390 1759 1649 1809 corticesque
1671 1761 1805 1797 varios

462 1829 523 1877 (v.
553 1843 590 1867 c.
621 1830 850 1873 Astraeum
892 1830 1101 1868 Nloholzer
1138 1829 1309 1882 Haide).
1383 1830 1592 1870 Autumno
1637 1834 1805 1870 maxime

462 1906 661 1942 serotino.

565 1978 657 2016 822.
703 1979 754 2016 T.
793 1978 1098 2031 polygonia.

461 2051 510 2090 In
537 2055 677 2091 aetatis
705 2055 839 2104 vigore
868 2056 1005 2104 posita
1033 2052 1202 2090 colorem
1233 2061 1411 2091 ostentat
1433 2051 1657 2104 elegantem
1679 2068 1701 2093 e
1720 2067 1808 2092 car·

461 2140 540 2165 neo
571 2126 871 2166 subrubellum:
902 2129 1100 2166 exsiccata
1129 2127 1224 2165 dein
1253 2138 1292 2164 et
1320 2129 1520 2165 vetustior
1547 2128 1691 2179 pruina
1711 2130 1807 2180 qua-

462 2200 552 2238 dum
591 2204 870 2239 cinerascente
914 2200 1146 2239 obducitur.
1220 2201 1374 2252 D1argo
1421 2201 1586 2240 demum
1626 2203 1805 2255 undique

460 2275 669 2314 revolutus
720 2275 977 2315 duriusculus
1022 2279 1117 2315 satis
1163 2288 1350 2323 crassuS,
1397 2275 1542 2315 subtus
1587 2279 1803 2329 nigricans.

460 2349 534 2388 Est
563 2349 682 2402 hujus
711 2353 906 2398 varietas,
943 2350 1108 2403 papillis
1137 2350 1327 2389 distincta
1354 2350 1583 2390 rotundatis
1612 2351 1806 2403 planiori-

459 2422 537 2462 bus
565 2426 697 2463 minus
727 2427 954 2476 expressis,
1001 2424 1053 2464 ad
1087 2427 1248 2463 iconem
1286 2420 1636 2481 Hofmanninnam
1681 2421 1801 2481 (flor.

460 2512 586 2548 germ.
616 2498 667 2535 Π.
698 2498 779 2537 tab.
810 2497 874 2550 6.)
902 2512 1037 2551 prope
1065 2499 1296 2546 accedens,
1326 2499 1432 2537 lecta
1459 2513 1495 2537 v.
1525 2513 1563 2538 c.
1594 2500 1646 2538 ad
1668 2513 1804 2538 ramos

453 2567 648 2626 fagineos
685 2571 971 2624 (Ειιῑεηιιίιὶιῖ)
998 2574 1127 2612 Maio.
1191 2574 1404 2625 Frequens
1443 2583 1623 2612 ceterum
1651 2576 1804 2625 passim

461 2645 601 2684 incolit
628 2645 725 2684 haec
755 2649 916 2697 species
947 2650 1124 2686 cortices
1153 2648 1384 2702 quercinos,
1419 2647 1659 2700 populneos,
1697 2645 1801 2684 tilia·

464 2734 550 2757 ceos
577 2720 775 2774 aliosque.
833 2721 1065 2769 Autumno,
1095 2721 1265 2774 hyeme,
1299 2734 1410 2760 vere.
