1928 3051
408 185 482 223 552
967 206 1203 221 -—-—--..

411 317 500 341 men
539 303 671 340 donec
709 303 879 338 certiora
923 301 1202 348 inclaruerint,
1250 302 1439 354 fungillos
1481 302 1611 342 hosce
1653 304 1750 344 loco

411 390 484 414 suo
513 377 766 427 relinquere,
800 388 917 428 quam
948 385 1100 413 temere
1131 376 1403 426 translocare,
1433 377 1658 416 maluimus.

774 537 838 576 58.
913 538 1381 578 STILBUM.

669 644 717 694 a)
783 641 1488 696 Sphaerocephctla.

518 750 629 798 10:29.
677 748 718 784 S.
758 755 1125 785 tomentosum.

413 820 643 872 Capitulum
671 823 711 857 in
739 821 822 859 aliis
852 821 1188 873 sennipellucens‚
1220 823 1261 858 in
1286 820 1371 859 aliis
1396 820 1614 859 turbidum.
1671 821 1754 859 To—

409 905 587 932 mentum
625 908 707 932 non
753 896 901 947 stipitis
947 896 1095 941 niodo,
1143 895 1217 934 sed
1265 905 1306 932 et
1342 894 1504 932 subiculi
1545 895 1753 947 cujusdam

408 969 529 1007 albidi
574 969 870 1008 nmeoriformis
914 973 1122 1008 matricem
1177 970 1457 1016 obvolventis,
1518 979 1754 1007 constanter

409 1057 605 1094 praesens
636 1047 675 1080 in
704 1047 868 1082 nostris.
920 1045 1054 1082 Totus
1077 1043 1222 1095 fungus
1241 1043 1426 1081 unicolor
1447 1043 1574 1082 albus.
1634 1043 1754 1080 Haud

409 1117 645 1170 infrequens
692 1121 931 1168 parasitatur
974 1120 1013 1154 in
1053 1116 1227 1169 fungillis
1268 1118 1580 1168 trichosper111is
1617 1120 1751 1165 variis,

414 1192 603 1236 Trichiis,
648 1190 863 1229 Cribrarizl
892 1191 1080 1241 vulgari,
1121 1191 1267 1226 οενηιιᾶ
1296 1201 1376 1228 etc.
1416 1191 1518 1230 locis
1553 1191 1755 1230 umbrosis

409 1265 667 1304 madentibus
697 1266 897 1317 sylvarum
927 1265 987 1314 (e.
1019 1278 1057 1316 g.
1090 1264 1300 1301 Moholzer
1326 1264 1481 1308 Haide,·
1511 1264 1757 1318 Scho'pswie-

410 1354 499 1383 seru
530 1341 652 1390 etc.).
709 1340 891 1377 Exeunte
920 1348 1072 1377 aestate
1102 1348 1143 1377 et
1169 1348 1378 1378 autumno.

520 1414 631 1452 1050.
678 1415 718 1451 S.
759 1413 1000 1465 rigidum.
1298 1463 1304 1467 .

409 1488 484 1526 Est
521 1501 542 1525 e
580 1487 803 1540 majoribus
849 1501 897 1526 ac
933 1470 1305 1539 frequentioribus?
1352 1487 1631 1540 pervulgatum
1672 1501 1756 1526 uon

411 1572 565 1599 tantum
605 1563 647 1599 in
684 1563 799 1614 lignis
838 1565 1071 1614 truncisque
1108 1566 1225 1601 variis
1275 1563 1631 1614 putrescentibus,
1685 1562 1757 1600 secl

410 1640 652 1688 praesertim
689 1640 806 1674 etiam
860 1639 928 1687 (ut
965 1647 1007 1675 et
1045 1639 1248 1689 sequens)
1293 1640 1334 1674 in
1371 1638 1564 1675 Pinarum
1602 1637 1758 1676 acubus

411 1711 601 1757 exoletis,
642 1711 711 1748 ubi
741 1712 972 1748 Dcmatium
1012 1711 1217 1764 quoddam
1254 1711 1402 1751 frustra
1440 1714 1602 1751 mentiri
1637 1712 1754 1751 solet.

410 1785 601 1837 Inprimis
633 1786 772 1832 Maio,
803 1787 940 1823 Junio.

521 1859 632 1897 1051.
680 1861 719 1897 S.
761 1859 1051 1911 piliforme.

411 1934 555 1985 Aeque
590 1947 760 1985 prorsus
791 1934 975 1986 locisque
1010 1934 1155 1972 iisdem
1193 1934 1354 1985 vulgare
1391 1947 1439 1972 ac
1481 1933 1754 1986 praecedens,

412 2022 591 2060 quocum
629 2008 800 2046 historia
849 2011 966 2046 etiam
1006 2009 1222 2046 convenit:
1281 2009 1355 2046 sed
1403 2009 1457 2046 ob
1499 2009 1757 2060 pusillitatem

411 2083 517 2120 oculi
547 2082 646 2120 nudi
682 2085 766 2120 acie
803 2095 934 2133 paene
963 2082 1156 2134 majorem
1197 2096 1245 2120 ao
1274 2083 1446 2135 capitula
1475 2086 1556 2122 cito
1585 2082 1760 2121 decidua

412 2156 614 2195 difficilius
645 2157 877 2194 observatu.
936 2157 1119 2208 Hyeme,
1150 2170 1260 2195 vere.

520 2232 630 2269 1052.
677 2233 713 2268 S.
753 2231 1126 2283 gelatinosum.

776 2304 855 2354 ββ,
887 2304 1108 2342 subiculare

411 2381 560 2417 Totum
598 2379 800 2426 albidum,
852 2379 967 2418 valde
1011 2380 1159 2426 molle,
1207 2378 1514 2431 ghberrimum,
1564 2378 1755 2426 lucidum,

413 2454 750 2506 semipellucens,
798 2452 972 2492 subiculo
1019 2453 1199 2505 ejusdem
1239 2454 1392 2492 coloris
1427 2467 1475 2491 ac
1510 2453 1759 2492 substantiae

413 2531 660 2580 impositum.
717 2530 794 2566 Per
821 2529 971 2581 aliquot
999 2528 1087 2566 dies
1125 2531 1329 2580 persistit,
1371 2542 1449 2566 nec
1486 2530 1755 2575 imminutum,

413 2615 492 2640 nee
522 2603 661 2640 colore
697 2613 916 2641 mutatum:
963 2603 1057 2641 dein
1084 2585 1333 2641 flaccescits
1372 2602 1407 2639 A
1437 2601 1479 2639 S.
1511 2602 1671 2652 vulgari
1698 2601 1758 2639 af-

414 2674 526 2712 fatim
567 2676 688 2715 distat
726 2677 866 2715 saltem
904 2677 1007 2716 haec
1035 2676 1176 2716 nestra
1204 2678 1375 2716 varietas
1405 2685 1568 2728 praeter
1594 2675 1758 2714 subien-
