1928 3051
527 275 612 314 135.
660 277 700 313 S.
739 275 1048 313 Dematinm.

784 362 824 390 α,
857 346 1059 384 herbicola

783 419 860 468 ββ,
894 420 1060 473 epixyla

422 496 500 534 Pili
529 495 666 547 rigidi,
709 507 836 546 aeque
876 493 1035 546 fragiles
1064 507 1112 532 ac
1139 496 1181 531 in
1209 493 1508 544 praecedente:
1548 494 1642 532 hinc
1671 507 1757 533 sae-

418 582 644 621 penumero
684 567 900 613 dimidiati,
951 570 1057 604 varie
1096 570 1284 613 contriti,
1338 567 1434 605 dein
1471 570 1546 606 toti
1586 567 1755 615 evanidi,

419 642 630 696 sphaerula
673 642 783 680 calmi
823 644 1057 692 superstite.
1127 641 1382 693 Congregata
1427 655 1646 694 sparsaque
1674 641 1759 680 vul-

418 720 522 770 garis
552 719 733 754 occurrit
764 730 804 763 a,
836 719 876 752 in
906 715 1086 754 caulibus
1123 715 1244 753 aridis
1281 714 1422 753 Solani
1456 714 1627 752 tubes-osi
1664 716 1758 753 alia-

418 803 588 843 rumque
617 789 833 827 herbarum
862 812 916 818 —
944 799 1079 835 extus,
1111 803 1158 828 ac
1181 800 1280 841 post
1299 790 1513 828 medullam
1537 789 1758 840 collapsam

420 868 539 902 etiam
567 868 696 910 intus,
728 863 795 901 ubi
826 863 875 900 ab
903 863 1057 915 injuriis
1086 867 1258 902 externis
1290 874 1395 909 tuta,
1428 863 1642 902 incolumis
1673 863 1759 900 diu-

421 942 498 977 tius
537 949 778 977 asservatur.
836 937 1078 989 Spliaerulas
1114 937 1287 976 vidimus
1324 941 1477 976 inanes.
1545 938 1643 974 Var.
1685 950 1756 988 ‘2‘7'2

420 1013 599 1065 epixyla,
641 1026 687 1050 ex
716 1011 967 1062 epidermide
997 1024 1240 1063 erumpens,
1284 1025 1448 1062 sparsa,
1488 1010 1642 1063 major,
1674 1010 1760 1062 glo-

422 1086 523 1125 bosa
553 1096 773 1138 ovantque,
815 1088 923 1123 intus
959 1085 1228 1136 nigrol'arcta:
1268 1086 1443 1136 pilorum
1472 1087 1630 1122 ratione
1660 1086 1759 1122 situ-

421 1174 499 1212 que
529 1174 621 1197 cum
651 1174 691 1206 α,
724 1161 924 1210 congruit.
982 1158 1030 1195 In
1057 1159 1218 1196 ramulis
1247 1162 1419 1197 mortuis
1452 1158 1579 1195 Titiae
1608 1167 1649 1194 et
1680 1157 1760 1210 Cy·

421 1235 485 1271 εἰεί
514 1233 699 1272 Lahurni
726 1233 940 1284 aliquoties
970 1232 1184 1271 observata
1211 1232 1364 1284 Aprili,
1395 1233 1522 1270 Maio.

530 1307 616 1357 134.
663 1309 702 1344 S.
746 1307 1031 1344 Himantia.

419 1381 571 1419 Iisdem
610 1395 703 1419 cum
748 1381 1016 1418 antecedente
1063 1381 1190 1426 locis,
1237 1382 1477 1431 praesertim
1513 1381 1555 1416 in
1594 1377 1759 1425 solano,

420 1455 530 1493 haud
569 1455 673 1493 adeo
712 1468 801 1492 rara
841 1465 903 1493 est
943 1457 1105 1506 species
1141 1454 1366 1513 pulchella:
1412 1464 1452 1492 at
1488 1453 1543 1491 ob
1581 1456 1761 1491 eximiam

423 1533 676 1567 teneritatem
713 1529 878 1566 detectu
915 1528 1132 1566 difficilior.
1195 1528 1455 1564 pustularum
1482 1530 1603 1564 nimia
1629 1531 1762 1564 minu-

422 1607 498 1642 ties
546 1603 694 1641 cultelli
733 1606 945 1640 conamina
983 1611 1167 1640 recusat:
1218 1604 1272 1639 ita
1309 1611 1348 1638 et
1379 1597 1610 1655 fibrillulae
1655 1601 1760 1639 adeo

422 1687 518 1716 sunt
545 1677 761 1722 delicatae,
792 1686 836 1714 ut
863 1690 1018 1713 merum
1048 1679 1300 1727 pigmentum
1319 1674 1656 1714 arbusculifonue
1679 1677 1762 1726 pri-

422 1764 490 1789 mo
510 1745 667 1789 ''obtutu
696 1750 811 1788 facile
839 1753 1099 1788 mentiantur.
1155 1750 1381 1788 Autumno.

531 1824 617 1863 135.
664 1826 703 1862 S.
745 1827 986 1876 epigaea.

427 1899 573 1938 Crustu
602 1898 747 1950 pallide
776 1898 938 1936 lutescit
966 1898 1028 1935 vel
1057 1900 1244 1943 virescit,
1298 1896 1490 1948 spuet-ulis
1527 1899 1650 1948 nigris
1679 1896 1765 1947 pla-

423 1971 616 2011 niusculis
671 1975 823 2023 sparsis
875 1982 1080 2023 punctata.
1162 1972 1210 2009 In
1258 1971 1518 2010 terrestribus
1559 1970 1764 2008 umbrosis

422 2047 578 2086 limosis
608 2049 716 2084 circa
745 2046 951 2083 Herrnhuc
978 2045 1197 2099 frequens3
1228 2048 1406 2097 propior
1433 2044 1614 2083 nondum
1642 2043 1764 2082 nobis

424 2124 520 2160 visa.
578 2120 723 2172 Aprili.

533 2194 620 2233 156.
667 2197 707 2234 S.
745 2194 1064 2246 Aegopodii.

791 2284 832 2315 α,
863 2269 1044 2320 vulgaris

427 2343 670 2395 Sphaerulas
698 2343 881 2382 violaceo
898 2347 1066 2395 —nigras
1094 2342 1222 2380 inodo
1258 2345 1299 2379 in
1326 2341 1401 2379 lnic
1419 2370 1428 2387 ,
1476 2339 1604 2378 modo
1633 2341 1675 2376 in
1701 2338 1764 2377 illa

425 2418 510 2454 folii
547 2418 688 2469 pagina
725 2418 891 2455 farinam
931 2431 1042 2456 suam
1081 2417 1354 2468 expellentes,
1396 2414 1610 2453 nonnullas
1647 2415 1766 2450 etiam

425 2505 533 2544 poro
563 2491 759 2530 distincto
797 2502 985 2543 pertusas
1021 2491 1216 2529 vidimus:
1263 2492 1492 2541 perscissae
1526 2487 1623 2525 aliae
1658 2486 1766 2538 gela-

426 2565 507 2601 tinfi
538 2574 768 2616 turgentes,
799 2578 947 2602 vacuae
976 2565 1073 2602 aliae
1103 2573 1368 2614 conspectae.
1426 2561 1476 2598 In
1504 2558 1764 2611 Podagrarisi

428 2638 632 2691 epipliylla
660 2638 810 2689 ubique
840 2638 1047 2691 frequens.
1104 2639 1297 2683 Aestate,
1327 2646 1537 2675 autumno.
