1928 3051
1456 160 1523 186 111

188 260 405 300 chotomus
422 290 432 309 ‚
460 260 827 309 arbusculiformis,
858 260 955 300 Lini
985 261 1183 302 Radiolae
1210 264 1256 303 L.
1288 268 1525 303 memoriam

185 344 363 374 revocat.
427 335 631 386 Agat-icas
664 345 806 387 putres
834 339 964 376 varios
991 337 1158 385 incolit,
1198 337 1422 391 perfectior
1451 339 1526 378 sub

186 407 282 455 dio;
314 408 388 447 sed
416 409 529 447 domi
558 412 675 448 etiam
703 409 851 462 fungos
873 413 915 447 in
937 411 1112 462 capsulis
1131 415 1308 452 stanneis
1332 413 1525 466 aliquam-

186 481 254 520 diu
282 493 511 524 asservatos
537 496 844 536 nonnumquam
871 483 1080 525 infestans.
1137 486 1383 538 Septembri.

587 608 637 660 b)
692 607 1121 662 Simplices.

288 702 380 754 309.
426 699 488 740 M.
528 703 772 741 Mucedo.

183 775 248 812 De
276 789 358 813 var.
392 790 432 822 α,
466 776 762 824 Ρει·5οονιίαιιᾶ,
796 791 939 830 quam,
978 778 1019 816 b.
1055 778 1162 816 ‘fode
1189 784 1427 821 sententiam
1456 796 1518 822 se—

183 850 288 895 cuti,
330 848 381 886 ad
416 849 677 901 Ascoplzorae
714 864 843 902 genus
871 852 1163 904 ablegavimus,
1210 854 1261 892 cf
1294 869 1396 906 quae
1423 857 1522 895 infra

182 922 384 961 dicentur.
442 925 541 962 Var.
572 922 619 973 β,
660 934 818 972 autem,
860 935 1023 977 praeter
1053 927 1125 964 alia
1153 928 1215 965 vel
1245 929 1430 979 capitulis
1458 929 1520 968 fu·

181 997 347 1048 gacibus
398 997 671 1036 diversissima
706 1012 753 1037 ac
800 999 880 1037 hac
927 1001 1077 1051 procul
1122 1001 1246 1039 dubio
1294 1006 1518 1053 pertinens,

182 1084 300 1122 quam
339 1071 509 1110 molesta
539 1072 658 1123 copia
690 1073 759 1110 suzi
789 1074 892 1112 locis
921 1074 1215 1114 humidioribus
1246 1080 1380 1115 omnia
1407 1089 1522 1117 vexet

182 1153 223 1181 et
250 1144 452 1192 destruat,
483 1159 605 1183 nemo
634 1150 780 1185 nescit.
839 1149 1049 1187 Perennis.

285 1217 375 1257 510.
419 1220 482 1257 Μ.
524 1223 757 1260 caninus.

180 1294 371 1331 Stercora
399 1295 550 1344 passim
582 1294 739 1347 obtegit
774 1295 1000 1333 animalium
1031 1299 1257 1345 variorum,
1295 1298 1406 1338 ‘lociS
1443 1300 1520 1339 hu-

179 1366 384 1406 mentibus
424 1368 625 1419 sylvaticis
663 1369 725 1407 vel
762 1370 838 1407 alio
879 1371 1005 1408 modo
1038 1371 1242 1410 umbrosis
1271 1372 1441 1424 jacentia
1468 1396 1520 1404 ·——

179 1440 424 1487 succerdas,
477 1442 712 1481 muscerdas
758 1454 839 1483 etc.
887 1444 1000 1482 coelo
1038 1448 1275 1496 praesertim
1311 1448 1513 1487 madente

178 1514 288 1552 Vere
318 1525 358 1552 et
385 1525 593 1554 autumno.

281 1586 369 1626 311.
412 1590 473 1627 M.
515 1594 792 1629 murinus„

178 1661 468 1711 persistentior
497 1664 660 1715 quidem
689 1665 983 1713 antecedente,
1017 1670 1171 1705 curtior
1199 1678 1240 1706 et
1257 1668 1410 1707 firmior
1428 1680 1514 1709 est:

177 1737 355 1786 capitulo
386 1739 504 1776 etiam
534 1739 696 1776 demum
727 1741 888 1778 turbido
915 1741 966 1779 ad
988 1740 1119 1779 Stilba
1142 1743 1316 1796 accedit.
1375 1746 1516 1782 Maco-

177 1808 282 1846 ribus
311 1820 469 1859 tamen,
511 1813 749 1864 quibuscum
780 1815 986 1853 luculento
1016 1819 1165 1867 stipitis
1193 1821 1447 1856 incremento
1476 1829 1517 1856 et

175 1884 417 1923 evolutionis
447 1889 633 1926 universa
662 1891 817 1926 ratione
847 1892 1062 1937 convenit,
1093 1905 1185 1928 cuin
1215 1892 1264 1929 cl.
1300 1892 1513 1929 Persoonio

173 1959 475 1997 accensendum
505 1965 643 2012 potius
671 1962 929 2014 judicarimus
956 1985 1011 1992 —
1036 1978 1126 2001 cuin
1156 1966 1428 2015 praecedente
1449 1980 1515 2004 ce-

174 2036 364 2084 teroquin
400 2037 518 2072 etiam
556 2035 635 2074 loci
674 2037 940 2088 colorumque
968 2037 1161 2077 affinitate
1189 2038 1383 2089 junctum.
1441 2042 1513 2078 Se-

173 2106 253 2144 mel
288 2107 338 2144 ad
376 2107 538 2147 dumeta
570 2110 760 2148 umbrosa
790 2112 1040 2160 (coemeterii
1068 2110 1443 2169 Jc'inkenrlotfcnsis)
1472 2117 1513 2151 in

172 2188 354 2218 stercore
381 2184 585 2233 passerino
615 2185 797 2237 exempla
834 2186 1108 2225 adolescentia
1135 2196 1369 2239 maturaque
1394 2189 1511 2226 mixta

173 2256 347 2292 inventa.
405 2256 644 2295 Novembri.

277 2326 369 2366 312.
415 2330 474 2366 M.
514 2330 766 2370 tenellus.

172 2400 366 2440 Ramulos
394 2403 539 2441 aliasve
569 2405 800 2457 quisquilias
837 2404 935 2444 locis
964 2406 1053 2446 udis
1081 2407 1286 2446 umbrosis
1315 2408 1506 2461 dejectas,

171 2477 290 2512 etiam
338 2476 543 2526 Agm-icos
590 2479 805 2529 putridos,
853 2482 1016 2519 mininie
1062 2495 1176 2520 rarus
1221 2482 1380 2520 incolit:
1436 2482 1510 2521 sed

172 2551 352 2587 omniurn
390 2550 502 2589 facile
539 2555 780 2592 tenerrimus
818 2563 1014 2606 totusque
1042 2555 1250 2607 pellucens
1279 2559 1340 2594 vix
1367 2555 1510 2595 obser-

171 2632 305 2671 vatur,
346 2637 393 2663 ac
430 2625 616 2667 detectus
653 2630 798 2674 etiam,
846 2631 888 2666 ni
926 2629 1075 2668 lentem
1113 2629 1218 2668 illico
1258 2630 1505 2678 adhibueris,
