1928 3051
394 196 446 234 72

394 299 673 347 observandus
702 299 764 337 vel
793 298 1020 337 nullatenus
1050 298 1353 345 consolidatur,
1384 299 1458 337 sed
1479 299 1619 337 fluxilis
1638 312 1733 351 per-

392 379 543 415 sistens
571 373 868 412 membranulae
899 373 1060 410 tandem
1088 376 1241 411 vertice
1269 383 1390 424 rupto
1420 376 1736 425 circumquaque

393 448 614 493 redundat;
645 447 710 485 vel
738 460 917 499 eousque
947 457 1100 484 tantum
1128 449 1393 498 inspissatur,
1423 457 1469 485 ut
1493 449 1610 498 apice
1635 446 1735 486 fisso

394 522 559 561 cirrliuli
587 520 808 568 fusiformis
837 524 878 558 in
907 524 1089 573 speciem
1123 520 1314 572 profluat.
1373 523 1463 560 Nos
1493 521 1630 559 saltem
1661 521 1737 559 hu-

392 596 570 648 jusmodi
599 595 822 641 cirrlmlos,
852 605 1034 633 resumto
1065 605 1165 647 post
1188 606 1426 634 nocturnam
1449 598 1625 648 quietem
1647 610 1736 633 exa-

392 673 523 716 mine,
555 669 661 720 juxta
690 682 761 707 ora
790 669 1053 720 semipatula,
1094 683 1171 720 per
1200 668 1388 706 effluxum
1417 670 1563 721 procul
1593 670 1733 717 dubio,

391 745 637 782 recubantes
677 745 966 795 conspeximus
1013 744 1250 783 eorumdem
1291 746 1583 795 speciminum,
1635 757 1735 796 quae

393 819 564 870 vespera
594 816 867 869 praecedente
898 818 1060 856 vasculo
1093 832 1167 856 suo
1197 821 1330 856 semi·
1348 831 1509 856 emerso
1541 828 1737 857 coronata

393 892 818 930 animadverteramus.
885 893 999 930 Prius
1039 892 1156 930 nobis
1187 892 1465 944 spectaculum
1494 905 1636 944 greges
1666 906 1736 930 au-

396 967 617 1013 tumnales,
656 969 864 1018 posterius
904 966 1087 1005 vernales
1119 965 1355 1017 praebuere.
1385 988 1439 995 —
1465 966 1739 1017 Praepulclira

396 1051 577 1079 ceterum
608 1044 769 1091 species
798 1044 875 1078 ima
897 1040 1093 1093 sylvarum
1117 1053 1336 1091 opacarum
1366 1050 1471 1077 amat
1499 1039 1735 1092 penetralia,

397 1114 465 1152 ubi
505 1125 634 1152 terrae
673 1114 805 1151 nudae
834 1115 895 1152 vel
925 1117 1098 1160 muscis,
1147 1113 1275 1159 foliis,
1319 1114 1524 1164 stipitibus
1564 1114 1739 1164 putridis

394 1189 505 1227 humi
533 1188 757 1241 jacentibus
787 1189 1016 1238 (interdum
1048 1198 1133 1226 tota
1161 1187 1354 1238 obtecta)
1393 1190 1559 1225 instrata
1587 1190 1739 1238 passim

395 1266 577 1303 occurrit
616 1262 853 1313 (Moholzer
892 1262 1063 1314 Haide).
1141 1261 1349 1300 Autumno
1388 1264 1545 1301 seriore
1581 1264 1739 1313 primo-

396 1351 473 1390 que
505 1350 612 1376 vere.

757 1552 797 1591 9.
854 1537 1389 1577 PILOBOLUS.

508 1649 594 1688 197.
640 1635 686 1672 P.
722 1635 1096 1687 crystallinus.

399 1711 562 1763 Fungus
591 1713 679 1762 ipse
719 1710 962 1761 ephemerus
992 1719 1075 1748 est:
1116 1709 1190 1748 sed
1226 1708 1323 1762 pilei
1359 1707 1471 1761 ejus,
1517 1707 1741 1747 substantia

398 1794 541 1824 tenace
570 1783 765 1837 praediti,
808 1793 1028 1835 postquam
1071 1783 1250 1836 projecti
1287 1793 1404 1830 sunt,
1443 1783 1645 1835 paullatim
1674 1797 1742 1821 ex-

398 1862 564 1905 siccati,
597 1859 821 1897 diutissime
851 1861 1089 1909 persistunt.
1149 1859 1313 1896 Praeter
1342 1867 1500 1896 stereus
1529 1861 1741 1896 vaccinum

398 1944 440 1971 et
468 1937 682 1984 equinum,
732 1946 833 1985 quae
870 1932 1038 1983 vulgariS
1078 1932 1243 1978 incolit,
1293 1932 1507 1984 aliquoties
1546 1935 1664 1969 etiam
1702 1934 1743 1968 in

399 2008 620 2054 succerda,
665 2017 706 2045 et.
733 2010 897 2058 insignis
939 2006 1103 2058 quidem
1140 2007 1291 2044 statura
1327 2020 1374 2044 ac
1403 2007 1577 2052 luxurie,
1626 2005 1743 2045 nobis

398 2085 530 2120 visus:
579 2085 712 2120 minor
757 2091 901 2120 contra
938 2090 977 2118 et
1022 2081 1234 2118 delicatior
1272 2084 1312 2118 in
1348 2079 1447 2117 fimo
1489 2080 1740 2131 capreolino,

397 2156 500 2194 locis
529 2155 734 2195 umbrosis
762 2155 1021 2194 humentibus
1049 2154 1221 2206 jacente.
1282 2156 1405 2193 Omni
1431 2157 1525 2192 anni
1555 2164 1744 2205 tempore

397 2229 580 2269 humido.

509 2304 591 2355 198.
636 2305 681 2342 P.
720 2303 949 2343 roridus.

400 2378 588 2416 Aetatuin
638 2378 802 2429 quidem
839 2381 966 2416 varias
1002 2377 1301 2416 viGIssitudines
1339 2379 1380 2414 in
1417 2375 1580 2428 fungillo
1617 2375 1743 2415 semel

402 2461 556 2489 tantum
585 2453 688 2491 locis
708 2455 878 2491 remotis
907 2453 1108 2504 (Dielzsa)
1136 2453 1268 2499 lecto,
1301 2453 1480 2490 omnium
1504 2453 1739 2496 tenerrimo,

401 2538 481 2564 nec
527 2527 720 2564 incolumi
763 2527 930 2564 domum
978 2526 1313 2578 transportando,
1363 2526 1611 2576 perscrutari
1657 2537 1742 2561 non

400 2598 534 2637 licuit:
584 2600 659 2639 sed
698 2614 779 2652 quo
817 2604 950 2639 minus
991 2614 1084 2638 cum
1130 2600 1405 2652 praecedente
1456 2597 1739 2650 conjungatur,

403 2673 465 2711 vol
514 2676 602 2726 ipsa
646 2674 820 2725 perfecti
855 2688 903 2713 ao
948 2673 1232 2713 fructificantis
1276 2673 1408 2713 forma
1454 2673 1739 2717 diversissima,
