1928 3051
237 658 305 688 sab.
341 657 382 687 V.

268 722 289 750 f.
313 723 341 751 6.

407 165 459 205 68

409 284 494 322 edit
520 283 759 335 plerumque
788 280 982 328 crebros,
1025 293 1147 333 saepe
1183 282 1456 333 longissimos.
1513 282 1563 321 In
1592 251 1745 336 Populo

406 357 567 410 dejecta
594 355 675 407 (nd
705 354 914 407 Neissam)
946 355 1090 406 Aprili.

658 543 696 582 6.
750 541 1492 584 TUBERCULARIA.

516 663 602 704 ¹90·
647 652 696 690 T.
734 651 918 690 ciliata
955 663 1130 690 Noms.

413 726 455 764 Τ.
495 739 700 776 erumpens
747 739 889 777 sparsa
933 723 1214 777 substipitnta,
1269 724 1519 778 receptaculo
1564 728 1751 777 margine

409 798 711 845 albo-ciliaco,
761 799 936 851 capitulo
982 799 1088 838 laevi
1123 798 1286 851 globoso
1328 812 1524 854 oramque
1559 799 1746 849 candido,

409 874 565 913 demum
595 873 719 912 clilutc
748 888 874 912 roseo.

486 950 620 988 Totus
649 948 836 1001 fnngillus
864 951 1042 987 minutus
1057 978 1066 995 ,
1097 947 1241 986 lineam
1261 947 1459 988 diametro
1481 951 1542 987 vix
1561 962 1749 1002 aequans.

411 1024 544 1075 Stipes
573 1023 770 1075 pallidus,
809 1022 1048 1070 subfuscus,
1090 1026 1193 1061 intra
1230 1026 1397 1062 corticis
1434 1037 1557 1075 saepe
1585 1023 1752 1064 fissuras

409 1097 494 1136 fere
524 1107 635 1135 totus
669 1096 965 1144 absconditus,
1013 1110 1178 1148 semper
1216 1107 1351 1135 tamen
1388 1109 1612 1149 praesen&
1657 1111 1752 1136 mox

409 1170 671 1210 brevissimus
701 1173 902 1217 crassior,
940 1183 1035 1208 mox
1067 1171 1291 1210 mediocris
1319 1184 1367 1209 ac
1396 1171 1673 1210 tenuiusculus
1700 1193 1753 1202 —-

409 1248 452 1283 in
480 1244 776 1293 receptaculum
813 1256 972 1282 sursum
1008 1244 1194 1282 dilatatur
1228 1244 1484 1283 discoideum
1515 1249 1752 1285 concavius-

412 1319 547 1358 culum
575 1317 1007 1357 submembranaceum
1037 1318 1263 1357 orbiculare
1291 1319 1423 1357 album
1442 1349 1451 1365 ,
1482 1319 1583 1358 ciliis
1604 1320 1754 1372 longis-

412 1396 522 1432 simis
552 1392 865 1438 concoloribus,
914 1392 1009 1430 dein
1037 1391 1268 1431 subrubelle
1304 1392 1566 1440 micantibus,
1606 1396 1754 1445 margi-

411 1478 563 1506 natum.
625 1466 730 1505 Gilia
759 1467 886 1513 haec,
932 1476 1019 1504 toto
1057 1466 1223 1519 fungino
1259 1467 1468 1519 longiora,
1520 1478 1633 1506 recta
1661 1478 1754 1507 sunt

411 1541 475 1580 vel
510 1544 637 1579 rarius
675 1539 956 1587 subflexuosa,
998 1542 1210 1593 parallela,
1250 1544 1313 1579 vix
1341 1542 1578 1589 divaricata,
1619 1552 1755 1581 erecta

410 1626 480 1655 aut
507 1615 766 1667 semipatula,
808 1629 885 1667 per
919 1617 1080 1653 unicam
1116 1616 1380 1669 plerumque,
1424 1617 1498 1655 sed
1526 1620 1622 1656 satis
1652 1617 1754 1654 den-

412 1703 523 1737 sam,
555 1693 700 1728 seriem
732 1692 839 1727 circa
867 1692 1087 1741 marginem
1114 1690 1339 1741 disposita,
1370 1691 1629 1743 rigidiuscula
1665 1694 1754 1743 qui-

411 1764 528 1811 dem,
563 1774 603 1802 at
630 1777 713 1802 non
742 1773 894 1803 setosa.
952 1764 1234 1815 Receptaculo
1264 1779 1393 1816 porro
1422 1765 1558 1803 medio
1588 1767 1754 1816 imposi-

413 1849 498 1877 tum
528 1848 591 1878 est
632 1837 848 1891 capitulum
888 1838 1040 1875 formae
1079 1851 1173 1876 mox
1211 1839 1614 1891 ovato-oblongae,
1660 1853 1756 1877 mox

412 1913 634 1965 globosae,
677 1926 771 1950 mox
798 1915 902 1950 inter
930 1923 1141 1964 utramque
1170 1927 1246 1964 per
1273 1917 1406 1953 varios
1435 1913 1582 1965 gradus
1610 1914 1755 1951 luden-

414 1990 488 2033 tis,
527 1999 815 2037 nonnunquam
859 1986 1131 2039 subgibbosae
1158 2008 1211 2017 —
1238 1988 1484 2027 substantiae
1515 1998 1754 2039 compactae

414 2061 591 2107 solidae,
632 2060 718 2113 ejus
756 2059 862 2107 fere,
906 2074 1007 2113 quae
1035 2063 1076 2098 in
1110 2061 1152 2098 T.
1182 2062 1343 2112 vulgari
1372 2072 1533 2114 prostat
1559 2084 1612 2092 —
1640 2063 1756 2119 colo-

414 2139 469 2174 ris
499 2149 520 2173 e
551 2135 840 2174 candidissimo
878 2137 919 2172 in
953 2148 1126 2174 amoene
1163 2135 1369 2189 diluteque
1405 2150 1571 2175 roseum
1601 2140 1755 2176 sensim
1808 2170 1817 2173 -

413 2210 597 2248 abeuntis
624 2232 679 2261 —7
705 2209 939 2261 superficiei
967 2209 1103 2249 laevis.
1160 2211 1364 2258 Demum,
1395 2225 1419 2249 a
1442 2210 1588 2262 pluviis
1615 2210 1755 2249 forsan

412 2285 616 2331 ablutum,
664 2294 796 2322 totum
831 2287 962 2336 perit,
1008 2287 1127 2321 utin
1163 2285 1356 2336 exemplis
1400 2288 1570 2324 vetustis
1615 2285 1755 2325 discus

412 2359 569 2405 nudus,
600 2359 841 2410 plerumque
870 2368 954 2396 tum
983 2359 1206 2406 distortus,
1248 2360 1346 2398 ciliis
1376 2363 1459 2398 suis
1486 2362 1755 2411 persistenter

415 2432 638 2471 funin-taius
676 2436 866 2484 supersit.
944 2435 1132 2486 Erumpit
1179 2437 1341 2485 species
1379 2434 1673 2485 elegantissima
1709 2446 1755 2471 ex

416 2507 669 2558 epidermide
705 2507 863 2546 fruticis
901 2507 1109 2559 cujusdam
1152 2509 1359 2546 hortensis
1395 2509 1595 2547 scansorii
1629 2510 1755 2546 semi-

416 2583 547 2631 putris
585 2594 663 2618 nec
698 2582 869 2632 amplius
907 2582 1176 2634 dignoscendi
1218 2583 1293 2631 (an
1335 2581 1520 2618 Hederae
1549 2581 1754 2632 Helicis?)

417 2657 522 2692 inter
542 2654 831 2705 rejectamenta
848 2656 945 2696 hinc
965 2657 1074 2703 inde,
1106 2669 1257 2708 sparsa.
1302 2656 1468 2696 Aestate
1489 2666 1532 2694 et
1551 2665 1754 2694 autumno.
