1928 3051
408 161 479 200 106
963 182 1193 193 ...w-m.

512 280 600 332 296.
647 279 696 318 C.
735 279 1036 330 argillacea.

406 355 645 393 Innumurae
683 352 843 406 peridia
878 352 1013 389 mollia
1047 350 1336 403 mucilaginosa
1371 354 1591 403 nigricant:
1641 364 1742 404 quae

407 428 572 466 domum
610 431 727 466 etiam
768 435 1042 477 transportata
1078 428 1182 462 inu-a
1217 425 1371 477 aliquot
1403 424 1492 464 dies
1520 424 1634 463 facile
1662 438 1746 463 ma—

408 511 631 540 turescunt.
701 503 869 553 Species
907 499 1126 538 admodum
1153 499 1324 551 vulgaris
1352 499 1458 551 ligna
1485 502 1641 538 cariosa
1669 511 1747 550 pu·-

408 576 533 623 trida,
573 579 756 628 inprimis
783 576 903 627 pinea
933 584 974 612 et
1003 572 1198 624 abiegna,
1233 573 1384 625 ubique
1419 572 1563 612 incolit
1589 575 1746 625 agmine

408 649 552 688 denso.
610 650 647 687 A
673 651 796 688 Junio
827 652 869 685 in
897 647 1181 699 Septembrem
1210 659 1354 700 usque.

514 736 602 776 297·
651 724 699 762 C.
740 723 996 775 vulgaris.

773 812 813 843 α,
844 797 973 833 lutosa

770 870 849 920 ββ,
953 886 977 907 a

409 947 569 985 Nomen
605 944 845 997 specilicum
887 955 1077 997 utraque,
1129 945 1368 995 praesertim
1407 952 1540 982 tamen
1578 956 1619 989 α,
1662 941 1748 994 jure

410 1023 637 1072 meritoque
676 1032 752 1058 suo
789 1024 913 1071 gerit:
963 1019 1066 1057 locis
1105 1020 1266 1068 saepius
1305 1016 1382 1068 jam
1422 1017 1541 1056 dictis
1570 1016 1746 1055 trivialis.

410 1093 489 1143 ¹313,
521 1094 658 1132 colore
687 1094 865 1145 pulveris
895 1092 1060 1131 sordide
1089 1089 1344 1129 rubro-rufo
1374 1089 1523 1129 differt.
1564 1091 1745 1137 Aestate,

409 1177 620 1206 autumno.

516 1241 603 1292 298.
649 1241 697 1280 C.
734 1242 1045 1279 aurantiaca
1083 1237 1362 1277 Schrader.

779 1329 820 1360 α,
852 1314 1045 1350 aut-antia

775 1387 854 1437 ββ,
877 1384 1001 1444 flava

414 1463 577 1501 Praeter
605 1474 766 1501 caussas
795 1476 817 1501 a
845 1463 896 1501 cl.
941 1461 1168 1501 Schrader-0
1203 1461 1388 1514 allegatas
1420 1463 1604 1513 inprimis
1633 1461 1754 1498 etiam

413 1550 494 1575 var.
537 1546 678 1575 nostra
712 1535 791 1584 ββ,
835 1537 973 1575 colore
1010 1537 1187 1587 pulveris
1214 1537 1265 1574 ab
1295 1536 1508 1588 argillae-eo
1536 1537 1654 1573 nimis
1683 1533 1755 1571 ab·

413 1610 605 1657 ludente,
644 1609 746 1648 laete
786 1613 974 1648 nimirum
1013 1610 1415 1662 sulphureo-flavo,
1456 1611 1622 1660 insignis
1659 1619 1756 1658 spe-

415 1686 519 1722 eiem
555 1684 658 1723 hanc
692 1697 714 1722 a
752 1684 1025 1735 praecedente
1069 1684 1281 1736 sejungere
1317 1696 1396 1721 nos
1441 1683 1567 1734 jussit.
1643 1682 1756 1719 Loca

413 1761 554 1810 generi
593 1758 786 1797 solemnia
825 1758 966 1797 incolit
1007 1773 1046 1805 α,
1089 1761 1251 1810 parcior
1286 1776 1339 1787 -—
1373 1756 1452 1806 ββ,
1483 1756 1752 1809 frequentior.

415 1831 552 1878 Julio,
584 1833 786 1884 Augusto.

521 1919 610 1958 299.
658 1906 706 1945 C.
749 1906 964 1944 tenella.

778 1979 857 2029 ββ,
888 1992 1097 2032 Ula-cropus

420 2052 552 2105 Stipes
580 2052 812 2105 elongatus,
844 2054 997 2101 forma,
1029 2054 1189 2092 habitus
1216 2052 1421 2106 Fungillum
1450 2055 1584 2104 primo
1613 2052 1758 2090 obtutu

423 2127 469 2167 C.
501 2128 775 2179 microcczrpae
797 2128 1038 2167 simillimum
1068 2131 1236 2167 sistunt:
1267 2141 1405 2166 verum
1434 2130 1660 2165 accuratius
1681 2126 1757 2165 sub

418 2201 527 2239 lente
556 2199 721 2239 ekamen
747 2205 859 2239 iconi
887 2202 1237 2253 descriptionique
1260 2200 1478 2240 Schrader-i
1503 2201 1610 2253 pede
1631 2201 1754 2253 longo

418 2284 593 2326 excepto
625 2278 1033 2326 congruentissimum
1061 2276 1140 2314 huc
1169 2275 1470 2314 accensendum
1493 2276 1633 2314 docet.
1674 2275 1756 2313 Ra-

417 2362 486 2387 rus
526 2359 567 2386 et
604 2349 832 2401 pulchellus
871 2353 913 2388 in
952 2351 1053 2388 Pino
1091 2350 1383 2390 seme1.lectus
1421 2349 1756 2399 (Battum-wiese)

419 2422 620 2474 Augusto.

526 2509 630 2534 ons.
667 2510 700 2535 1.
758 2497 822 2534 Ad
861 2498 1007 2549 peridii
1046 2497 1236 2537 fabricam
1270 2497 1438 2549 ejusque
1467 2510 1559 2534 cum
1587 2495 1756 2534 reticulo

421 2582 565 2607 nexum
593 2572 634 2607 in
658 2572 830 2623 utraque
857 2570 1022 2620 familia,
1063 2572 1124 2610 vel
1150 2587 1296 2623 genere
1334 2573 1488 2624 potius,
1528 2570 1639 2623 quod
1666 2572 1758 2608 atti-

421 2653 512 2690 net,
555 2656 640 2682 non
667 2658 912 2695 possumus,
950 2649 1045 2699 quin
1073 2649 1114 2684 in
1143 2646 1218 2685 cel.
1252 2644 1470 2684 Schraderi
1499 2648 1753 2691 sententiam,
