1928 3051
409 208 484 258 23²4

408 327 708 366 lamelliformes
740 325 928 364 evadunt.
999 325 1133 376 Stipes
1162 326 1348 365 centralis
1377 335 1445 364 aut
1473 326 1748 367 subexcemri—

409 415 505 446 cus,
546 399 797 452 longitudine
835 410 955 450 atque
994 401 1174 437 crassitie
1214 403 1380 438 varians.
1448 400 1580 437 Pileus
1613 405 1747 453 primo

408 488 635 520 convexus,
668 473 831 511 denium
855 472 1100 524 depressus,
1132 472 1605 514 subinfundibuliformis.
1663 476 1748 514 Co-

407 551 526 599 piose
557 550 744 598 provenit
772 557 966 584 autumno
997 545 1163 584 humido
1192 549 1232 583 in
1253 547 1373 605 sylvis
1397 551 1634 598 praesertim
1653 563 1747 589 ace-

406 626 535 667 rosis‚
577 624 693 658 etiam
725 620 992 666 siccioribus,
1031 620 1125 658 hine
1161 620 1278 658 inde:
1319 621 1580 672 utplurimum
1619 633 1747 663 terre-

407 699 520 741 stris,
569 694 694 733 semel
737 704 870 732 tamen
914 694 1027 732 bisve
1076 697 1196 732 etiam
1244 699 1505 747 truncigenus
1550 699 1745 738 inventus.

404 769 509 820 Aug.
541 770 654 820 Sept.
687 778 728 805 et
755 771 939 819 inprimis
970 769 1065 806 Oct.
1097 770 1206 806 NOV.

510 842 602 893 690.
648 843 709 880 M.
749 842 1043 881 lutescens.

410 915 541 953 Venae
570 917 664 954 liuic
693 925 788 954 sunt
815 919 1034 967 genuinae,
1078 916 1279 963 tumidae,
1325 930 1423 969 vage
1463 918 1742 966 decurrentes,

404 989 632 1036 flexuosae,
673 990 902 1028 confertae:
943 993 1129 1042 sequenti
1166 1001 1308 1029 contra
1339 992 1470 1043 plicae
1498 997 1747 1033 crassius-cu-

404 1063 464 1101 lae
495 1064 683 1116 quidem,
715 1064 789 1102 scd
817 1073 979 1110 rectae,
1021 1064 1231 1103 distantes.
1289 1065 1341 1102 Et
1369 1065 1435 1103 hic
1465 1067 1627 1117 quidem
1659 1068 1747 1117 (as-

404 1138 534 1175 sumta
563 1138 720 1174 statur-12
748 1137 843 1175 huic
872 1151 919 1176 ex
948 1141 1059 1175 omni
1087 1142 1222 1189 capite
1250 1138 1424 1189 majore,
1459 1139 1562 1190 pileo
1592 1140 1745 1178 2-5-

402 1211 548 1248 unciali
578 1214 686 1261 ele.)
724 1225 843 1250 verus
873 1222 935 1249 est
964 1214 1068 1248 inter
1096 1221 1311 1262 utrumque
1339 1225 1386 1248 ac
1415 1215 1511 1250 satis
1540 1226 1744 1265 superque

403 1283 610 1322 sufficiens
640 1285 852 1323 character
880 1284 1178 1335 diagnosticus:
1209 1285 1386 1336 reliquae
1414 1289 1598 1324 nimirum
1623 1298 1744 1326 notae

401 1358 451 1394 ad
481 1371 599 1394 unam
630 1371 773 1396 omnes
800 1358 1002 1396 ambobus
1031 1359 1122 1410 plus
1151 1361 1283 1397 minus
1313 1373 1549 1399 communes
1577 1374 1625 1399 ac
1650 1361 1744 1400 inde

401 1432 611 1483 ambiguae
651 1442 745 1470 sunt
780 1446 1004 1484 parumque
1053 1434 1318 1471 distinctivae.
1385 1434 1509 1489 ,Amat
1547 1434 1616 1473 hic
1653 1435 1746 1473 loca

402 1506 602 1558 sylvarum
634 1509 829 1544 variarum
857 1506 1050 1546 umbrosa
1073 1507 1255 1552 humida,
1286 1510 1370 1544 imo
1391 1507 1613 1560 uliginosa,
1645 1523 1746 1562 quae

401 1580 572 1632 vulgaris
600 1581 744 1618 incolit
773 1591 941 1618 exeunte
973 1591 1124 1619 aestate
1155 1591 1196 1619 et
1224 1591 1429 1620 autumno.

505 1653 598 1704 (391.
645 1654 706 1692 M.
747 1653 1077 1693 tubiformis.

401 1729 612 1779 Frequens
649 1727 749 1765 haec
787 1741 950 1779 quoque
985 1731 1146 1780 species
1176 1731 1220 1765 in
1248 1729 1367 1781 sylvis
1397 1733 1513 1770 variis
1543 1730 1744 1769 umbrosis

401 1801 753 1841 subhunucntibus.
812 1803 889 1840 Per
919 1812 1048 1840 totum
1077 1813 1326 1842 autumnum.

505 1875 595 1926 692.
641 1876 702 1913 M.
742 1875 1048 1927 fuligineus.

765 1964 835 2002 ἦγ’,
868 1950 1053 1987 concolor

401 2023 533 2060 Totus
574 2024 775 2060 concolor
820 2027 984 2062 cinereo
1003 2024 1298 2076 -fuliginosus,
1349 2024 1452 2076 pileo
1502 2028 1742 2063 saturatiore

399 2098 636 2147 nigricante.
694 2097 874 2135 Dubium
905 2102 1098 2144 omnino,
1138 2112 1189 2135 an
1224 2099 1305 2136 luic
1335 2099 1566 2149 pertineat?
1604 2099 1743 2137 habitu

399 2173 504 2208 enim
523 2199 532 2216 ,
565 2170 716 2216 Forma,
748 2181 790 2208 et
817 2175 1056 2222 praesertim
1085 2175 1196 2209 venis
1225 2175 1398 2223 prop1us
1425 2172 1585 2210 accedit
1609 2173 1660 2210 ud
1681 2174 1740 2211 M.

400 2242 669 2280 latescentem:
711 2246 848 2283 forsan
885 2246 948 2283 vel
988 2245 1074 2296 ejus
1113 2249 1283 2284 varietas
1320 2249 1537 2298 insignior,
1591 2247 1653 2285 vel
1682 2251 1744 2286 sui

398 2316 496 2368 juris
536 2321 712 2368 species.
790 2319 957 2357 Parcior
1001 2322 1183 2358 occurrit
1217 2323 1257 2357 in
1298 2323 1528 2360 nemorosis
1567 2320 1742 2360 humidis

400 2390 523 2440 (Seer
553 2391 877 2445 Schlossgarten3
904 2393 1224 2445 Schiipszcicscn)
1254 2394 1357 2445 Aug.
1389 2395 1503 2445 Sept.

502 2464 590 2515 693.
637 2467 693 2503 M.
736 2469 996 2506 cinereus.

402 2537 540 2574 Pzicae
567 2540 826 2586 manifestae,
857 2542 1144 2588 rectiuscuhie,
1176 2541 1396 2587 distantes,
1426 2540 1599 2592 pulchre
1629 2543 1740 2580 cine—

397 2624 511 2650 reae:
552 2624 709 2650 statura
739 2618 781 2651 in
808 2618 960 2654 nostris
997 2625 1194 2668 sequente
1225 2615 1360 2666 paullo
1395 2617 1542 2653 minor.
1599 2616 1739 2655 Raris-

398 2688 523 2726 simus
559 2686 677 2726 nobis
714 2688 860 2740 fungus
897 2689 1108 2743 hucusque
1148 2690 1275 2729 semel
1310 2690 1439 2729 lectus
1468 2692 1510 2726 in
1537 2689 1738 2741 sylvaticis
