1928 3051
1435 226 1511 265 223

167 349 320 379 tantum
357 355 443 380 non
478 344 668 389 unicum,
711 344 752 379 in
790 341 930 380 colore
964 345 1168 394 positum,
1207 357 1284 395 per
1319 347 1508 385 mixturas

163 416 422 454 intermedias
452 420 505 454 ita
531 417 657 463 ludit,
689 426 733 454 ut
754 430 1050 468 saepenumero
1069 447 1076 464 ‚
1108 418 1158 455 ad
1177 428 1304 456 utram
1325 422 1507 471 speciem

162 490 367 540 exemplar
395 493 601 528 inventum
631 490 846 538 amandes,
883 494 1174 531 incertissimus
1202 493 1388 533 haereas:
1418 495 1504 532 for-

159 563 222 600 m&
259 566 474 611 nimirum,
513 564 675 611 habitu,
714 565 902 612 lamellis,
944 566 1110 616 pulvere
1147 568 1328 605 seminali
1365 578 1503 607 exacte

160 647 406 688 congruunt.
474 638 644 676 Minime
683 637 915 690 infrequens
947 643 1181 692 truncigcna
1208 642 1270 679 vel
1300 646 1502 682 terrestris

159 710 277 748 obvia
308 721 372 749 est
399 725 481 749 var.
513 721 683 763 utraque
711 714 754 748 in
781 713 979 764 sylvarum
1019 718 1260 765 praesertim
1290 715 1502 755 frondosa·

156 797 245 822 rum
273 784 427 824 umbris
455 786 560 836 Aug.
592 795 633 823 et
661 798 752 837 sqq.

448 909 498 960 b)
556 909 1194 952 Membrana-eecce.

257 1004 348 1058 657.
394 1005 442 1055 A.
482 1005 533 1043 O.
573 1005 786 1045 Rotula.

270 1062 272 1064 v
517 1094 558 1125 α,
590 1079 775 1116 concolor

514 1154 594 1203 ββ,
623 1155 860 1207 mesophaea

148 1226 372 1279 Discrepat
407 1242 491 1267 var.
523 1228 602 1277 ββ,
632 1240 770 1268 nostra
798 1230 848 1268 ab
879 1245 919 1277 α,
949 1231 1053 1282 pileo
1083 1231 1219 1284 paullo
1248 1236 1408 1271 minore
1435 1234 1491 1272 al-

146 1299 272 1348 bido,
305 1312 449 1340 centro
479 1313 637 1354 puncto
666 1304 784 1343 fusco
808 1315 950 1343 notato
968 1335 976 1351 ,
1007 1305 1173 1343 lamellis
1194 1306 1491 1347 distantissimis

145 1378 307 1426 parcis,
355 1377 544 1416 omnibus
588 1380 769 1430 integris.
845 1379 1074 1418 Innaseitur
1123 1384 1293 1420 varietas
1337 1382 1490 1420 haecce

146 1448 368 1501 elegantula
412 1451 602 1490 notabilis
642 1453 797 1492 acubus
835 1454 1049 1499 Pinorum,
1100 1458 1284 1506 inprimis
1319 1456 1487 1503 Abiecis,

141 1521 238 1561 hinc
266 1524 376 1563 illine
414 1525 652 1575 (Mokolzer
693 1527 826 1564 I-Iaicle
858 1531 961 1579 etc.)
998 1528 1211 1580 frequens:
1256 1545 1296 1576 α,
1329 1541 1486 1577 contra,

103 1606 107 1608 ’
142 1599 238 1635 item
268 1601 432 1637 minime
460 1613 570 1642 rara,
601 1612 807 1651 praefiniat
834 1601 952 1647 folia,
984 1603 1177 1653 stipulas,
1208 1603 1352 1642 aliflsve
1377 1608 1487 1656 quis—

142 1671 284 1723 quilias
313 1672 416 1711 locis
445 1673 655 1713 ftondosis
683 1675 889 1714 umbrosis
922 1689 1160 1723 nemorum,
1202 1680 1360 1728 sepium
1391 1679 1489 1716 sub·
1537 1674 1541 1675 ⁷

139 1759 384 1798 paganarum
425 1757 507 1786 etc.
551 1748 747 1799 dejectas.
823 1751 1006 1802 Utraque
1053 1764 1181 1802 aeque
1221 1764 1270 1789 ac
1309 1765 1487 1804 sequens

138 1824 233 1859 aere
275 1825 388 1860 sicco
432 1822 546 1860 valde
587 1834 799 1876 corrugata
839 1834 879 1863 et
917 1828 1146 1873 imminuta,
1186 1824 1356 1864 humido
1392 1839 1485 1865 mox

137 1894 313 1942 refecta,
348 1896 434 1934 fere
462 1901 670 1948 perennis.

242 1969 332 2008 658.
379 1970 430 2009 A.
475 1972 526 2009 O.
566 1972 910 2012 androsacea.

136 2044 313 2082 Nonnisi
341 2044 507 2092 leviter,
538 2059 617 2084 nec
645 2047 748 2085 adeo
778 2047 984 2099 profunde
1012 2061 1060 2086 ae
1086 2048 1339 2100 praecedens
1356 2079 1365 2095 ‚
1395 2063 1481 2086 um—

135 2116 308 2156 bilicata.
365 2119 652 2171 Vulgatissima
679 2124 720 2158 in
749 2122 868 2173 sylvis
898 2122 1097 2161 abietinis.
1155 2123 1365 2162 Perennis.

241 2192 332 2244 659.
378 2193 430 2232 Α.
473 2195 525 2232 Ο.
568 2195 850 2248 epiphylla.

499 2282 541 2313 α,
569 2268 752 2319 vulgaris

497 2355 538 2393 γ,
569 2353 717 2392 rugata

131 2413 229 2451 Var.
272 2427 314 2466 γ,
355 2413 497 2454 subtus
537 2418 649 2467 rugis
686 2418 870 2469 genuinis
907 2419 1015 2469 vagis
1053 2420 1190 2469 parcis
1217 2420 1389 2457 ramosis
1416 2421 1476 2456 in-

130 2495 304 2534 structa,
351 2490 528 2527 Merutio
565 2493 704 2543 utique
743 2494 926 2543 proxima
966 2502 1048 2538 est;
1096 2506 1174 2530 nec
1215 2502 1348 2530 tamen
1394 2492 1487 2539 ullor

125 2561 255 2599 modo
292 2561 343 2600 ab
382 2578 423 2609 α,
462 2568 604 2616 specie
650 2569 854 2605 semoveri
901 2575 1057 2617 potest.
1132 2565 1243 2603 Piceo
1289 2576 1471 2604 ceterum

61 2671 78 2684 ,
127 2635 276 2688 gffudet
319 2636 578 2689 planissi11]o‚
638 2639 888 2688 disciformi,
937 2654 1240 2692 nonnumquam
1292 2643 1471 2692 margine

127 2709 332 2762 eleganter
371 2722 413 2752 et
449 2714 669 2766 aequaliter
707 2714 863 2753 lobato.
922 2714 1053 2766 Stipes
1081 2718 1123 2753 in
1153 2729 1193 2762 α,
1224 2714 1310 2754 basi
1339 2717 1466 2766 niger,
