1928 3051
1457 199 1530 241 361

293 330 403 378 1074.
447 325 480 364 Ι.
524 321 823 376 epipliylla.

185 399 357 439 Statura
386 398 518 438 2-5
546 399 753 436 linearum.
814 395 922 435 Situs
955 396 1236 448 caespitosus,
1280 394 1443 433 clavulis
1472 409 1533 435 sa·

184 476 235 512 tis
264 473 484 525 aequaliter
512 476 554 511 in
581 473 719 510 orbem
745 471 957 522 dispositis
974 500 983 518 ,
1015 481 1238 510 extrorsum
1269 471 1534 510 subcurvatis.

184 547 335 586 Forma
363 561 457 586 vere
488 548 657 594 clavata,
690 559 850 585 sursum
874 545 1195 593 subincrassata‚
1226 548 1341 597 apice
1365 546 1532 585 obtuso.

182 622 252 661 Bis
288 624 736 673 reperimusrspecicm
774 633 926 657 raram:
975 620 1105 671 prima
1144 623 1234 658 vice
1273 623 1315 657 in
1349 619 1534 670 Agarico

184 699 296 748 putri
343 699 599 748 parasiticam
649 696 753 733 locis
803 695 894 732 udis
937 694 1144 733 umbrosis
1192 694 1318 744 (hohe
1354 693 1533 745 Linde).-

185 771 391 817 secunda,
431 770 507 809 sed
545 772 745 807 minorem
785 772 999 821 minusque
1046 767 1296 821 perfectam,
1345 772 1386 806 in
1436 769 1535 805 corii

185 844 314 884 frusto
343 847 453 896 putri
481 854 641 883 vetusto
670 847 776 881 inter
801 843 1108 896 rejectamenta.
1171 844 1396 891 Autumno,
1428 857 1534 882 vere.

296 919 406 971 1075.
452 918 486 956 Ι.
527 917 775 956 umbrina.

552 991 630 1041 ββ,
659 993 885 1045 parasitica

185 1067 326 1105 Media
361 1069 475 1119 quasi
510 1069 617 1105 inter
658 1082 697 1114 oz,
742 1076 784 1105 et
818 1067 848 1103 I.
890 1066 1099 1102 citi-inam:
1156 1064 1216 1102 illi
1263 1078 1411 1117 aggrua
1459 1065 1535 1102 sicu

187 1141 447 1190 fasciculato,
480 1142 634 1188 colore,
672 1140 810 1179 habitu
838 1141 952 1179 arido
983 1142 1152 1178 stricto:
1193 1138 1283 1176 huic
1317 1139 1411 1191 pilis
1447 1143 1537 1178 ico-

186 1230 281 1255 nem
319 1217 633 1256 Persoonianam
671 1225 809 1255 exacte
845 1214 1132 1254 referentibus.
1199 1214 1350 1266 Specie
1398 1212 1538 1253 forsan

186 1292 358 1344 propria
388 1292 521 1343 digna.
579 1293 742 1344 Fungus
777 1295 931 1337 siccus,
965 1290 1146 1337 solidus,
1178 1303 1303 1341 parce
1331 1300 1532 1335 ramosus,

189 1366 302 1404 caule
330 1369 534 1419 ramisque
565 1369 716 1405 strictis
745 1366 974 1411 arentibus,
1007 1367 1233 1416 persistens
1263 1363 1418 1415 absque
1446 1377 1538 1400 mu-

188 1444 364 1487 tatione,
409 1455 424 1479 1
443 1440 537 1478 —3
567 1441 634 1479 lin.
667 1442 832 1493 longus:
879 1440 1142 1492 utplurimum
1172 1438 1383 1476 umbrinus
1409 1439 1537 1488 apici-

185 1515 262 1553 bus
292 1515 646 1562 flavovirentibus,
678 1519 804 1554 rarius
835 1525 946 1553 totus
976 1514 1220 1552 flavovirens
1240 1512 1421 1565 apicibus
1441 1512 1538 1549 albi-

186 1590 385 1630 cantibus.
449 1591 643 1628 Ceterum
683 1591 924 1642 plerumque
960 1602 1073 1627 mere
1110 1589 1294 1640 pilosus,
1336 1601 1415 1625 nec
1445 1587 1537 1624 fari-

185 1679 359 1704 naceus:
391 1665 453 1703 bis
483 1675 596 1703 terve
627 1675 759 1703 tamen
789 1664 1040 1714 (l'ertilemi‘)
1071 1663 1241 1701 vidimus
1267 1661 1429 1714 pulvere
1447 1675 1536 1698 um—

184 1739 304 1778 brino
333 1750 497 1791 praeter
526 1743 664 1792 apices
695 1740 918 1778 obtectum.
955 1739 1086 1776 Valde
1110 1737 1281 1790 cupidus
1305 1746 1368 1775 est
1390 1735 1539 1788 Sphae-

187 1816 272 1852 riae
310 1811 592 1871 fragiformis,
633 1814 747 1865 cujus
786 1814 870 1853 basi
910 1814 1114 1852 circinans‘
1147 1815 1392 1859 innascitur,
1434 1825 1539 1848 nunc

187 1890 454 1935 suberectus,
485 1903 595 1927 nunc
625 1889 882 1927 liorIzontalis
911 1889 1020 1941 ligno
1049 1901 1181 1940 paene
1203 1887 1447 1938 adpressus:
1479 1887 1539 1923 vix

187 1968 274 2005 sine
304 1965 366 2003 illa
396 1978 637 2003 occurrens.
703 1964 766 2001 Ad
795 1977 931 2002 ramos
962 1973 1171 2001 emortuos
1200 1961 1385 2013 dejectos
1416 1961 1538 2011 (Mo-

186 2040 321 2078 holzer
351 2039 508 2090 Haicle)
539 2052 624 2076 non
654 2052 755 2077 rara.
813 2041 914 2077 Sero
943 2048 1136 2076 autumno
1154 2066 1163 2084 ,
1194 2050 1303 2075 vere.

298 2114 409 2166 1076.
457 2114 490 2151 Ι.
523 2127 730 2151 carnea.

188 2190 377 2240 Speciem
409 2188 673 2240 elegantulam
702 2201 725 2225 e
755 2201 905 2225 carneo
935 2185 1096 2224 demum
1130 2183 1257 2222 rufam
1294 2184 1325 2221 Ι.
1357 2182 1540 2221 muciclae

188 2277 284 2302 suae
322 2266 597 2315 propinquam
635 2264 690 2299 ait
726 2261 777 2300 cl.
821 2263 996 2299 Persoon
1040 2260 1190 2298 Comm.
1231 2260 1257 2298 l.
1291 2272 1353 2297 c.:
1393 2269 1432 2295 at
1460 2271 1539 2297 nos

188 2338 320 2384 hanc,
351 2337 448 2375 licet
477 2339 640 2374 minime
669 2349 761 2374 raro
793 2336 1074 2382 observatam,
1109 2333 1317 2372 tremulam
1347 2347 1395 2371 ac
1423 2332 1539 2370 fluxi-

188 2414 267 2452 lem
297 2412 495 2450 hactenus
524 2425 607 2449 non
636 2411 832 2458 vidimus,
877 2410 949 2449 sed
990 2418 1222 2448 constanter
1250 2412 1414 2447 siccam.
1473 2408 1540 2446 Ad

189 2490 363 2526 cortices
399 2486 556 2525 Abietis
595 2487 770 2538 Pinique
808 2487 968 2538 piceae,
1013 2484 1117 2537 ligna
1152 2484 1293 2522 adusta
1334 2484 1537 2537 quercina,

191 2561 366 2600 betulina
405 2571 482 2600 etc.
524 2564 675 2614 passim
727 2560 851 2611 (Secr
895 2559 1231 2611 Ziegelscheune;
1282 2556 1539 2600 Eulenwald5

196 2637 373 2689 Trtinke)
402 2651 522 2685 vere,
553 2646 731 2676 aestate:
764 2639 884 2675 etiam
914 2634 1095 2682 cellatis,
1125 2634 1285 2687 hyeme.

1427 2722 1485 2772 «⁴6
