1928 3051
317 217 406 256 xit

311 345 614 391 nostratium
663 345 816 405 longe
872 343 1142 386 maximam
1192 353 1381 402 partem
1426 345 1640 404 comple-

310 446 466 489 ctens,
502 434 580 478 vel
608 434 829 486 iconum,
867 431 1049 491 quibus
1071 432 1489 476 Succulentorum
1514 449 1648 493 prae·

310 524 479 569 sertim
526 522 821 567 memoriam
872 519 1083 564 retinere
1131 521 1251 565 inde
1290 537 1313 566 a
1354 521 1646 581 primordiis

311 623 668 673 sategeramus,
725 609 987 654 volumina
1027 609 1078 652 in
1128 611 1375 655 auxilium
1420 611 1647 656 vocanda

310 700 529 745 fuerunt.
616 699 664 744 Si
701 699 812 760 quis
852 710 1069 743 ceterum
1109 700 1326 745 severior
1360 700 1649 745 tabularum

308 802 594 835 nostrarum
633 789 1000 848 contemplator
1043 790 1296 834 nonnulla
1328 789 1379 833 in
1414 791 1506 846 iis,
1555 806 1648 835 nec

309 878 520 924 fortasse
549 895 729 938 pauca,
776 877 1131 923 desideraverit
1164 905 1229 912 -—
1267 895 1407 934 eum,
1445 896 1509 924 ne
1545 879 1646 940 pri-

309 985 386 1013 ma
413 985 515 1014 sese
541 968 658 1013 artis
682 967 971 1012 excusoriae
1000 967 1258 1023 tirocinia,
1298 969 1451 1014 unico
1487 969 1644 1014 scien-

312 1058 407 1102 tiae
446 1074 613 1102 amore
649 1057 772 1101 duce
805 1067 852 1101 et
885 1057 1082 1116 auspice
1121 1069 1331 1114 tentata,
1370 1075 1536 1104 coram
1568 1060 1648 1105 ha-

309 1148 421 1192 bere
449 1147 800 1200 obliviscatur,
839 1158 1070 1208 rogatum
1101 1147 1329 1192 velimus.

410 1237 501 1281 Sed
533 1235 663 1293 jam,
703 1251 826 1296 quae
860 1252 1009 1295 porro
1049 1235 1366 1293 adjiciamus,
1403 1237 1545 1282 nulla
1573 1252 1648 1282 su-

308 1336 544 1388 persunt:
582 1325 681 1370 nisi
706 1323 858 1370 fuerit
887 1326 981 1370 hoc
1010 1341 1194 1381 unum,
1235 1326 1400 1370 oleum
1427 1342 1647 1387 operam-

310 1431 403 1476 que
437 1431 543 1460 non
583 1415 785 1475 penitus
821 1413 1095 1474 perdidisse
1144 1426 1254 1459 tum
1301 1416 1502 1460 demum
1550 1432 1645 1462 nos

309 1504 710 1560 existimaturos,
774 1521 930 1565 quum
975 1505 1150 1550 oculos
1193 1504 1517 1566 botanophili
1563 1506 1647 1551 vel

309 1594 462 1639 unius
507 1593 775 1639 alteriusve
816 1594 866 1637 in
907 1594 1281 1655 Mycologiam‚
1332 1595 1646 1655 provinciam

310 1682 495 1744 absque
519 1683 627 1727 ullo
655 1698 745 1727 suo
770 1683 948 1728 merito
966 1683 1219 1743 hucusque
1243 1684 1645 1741 desertissimam,

310 1772 527 1832 amplius
555 1771 816 1816 colendam
852 1773 1229 1833 ornandamque
1262 1773 1642 1820 intenderimus.

311 1861 457 1923 Quod
496 1861 785 1922 priusquam
821 1863 984 1906 multo
1021 1862 1276 1908 sollertius
1313 1863 1643 1924 crebriusque,

309 1967 458 2011 quam
486 1952 749 2005 hactenus,
788 1949 977 1995 factum
1004 1950 1181 2008 fuerit,
1216 1953 1343 1997 nihil
1373 1965 1468 2008 est,
1509 1953 1644 2014 quod

309 2039 558 2097 majorum
592 2040 800 2085 illorum
830 2040 1227 2100 problematum,
1279 2042 1337 2086 ad
1364 2042 1646 2105 fungorum

306 2129 707 2191 physiologiam,
746 2130 1104 2189 phytotomen,
1153 2131 1539 2192 universamque
1575 2132 1646 2176 hi-

309 2218 515 2264 storiam
567 2235 621 2263 ac
667 2230 898 2264 naturam
944 2219 1305 2280 spectantium,
1365 2221 1644 2266 solutiones

309 2318 462 2352 certas
503 2319 814 2370 naturaeque
851 2310 1052 2354 veritati
1085 2321 1446 2371 consentaneas
1484 2326 1642 2372 spere·

308 2412 435 2441 mus.
508 2397 761 2444 Dabamus
782 2399 979 2455 Niskii,
1017 2415 1190 2444 mense
1213 2400 1353 2446 Maio
1385 2412 1520 2457 1804.

858 2534 887 2571 I.
920 2535 966 2571 B.
998 2548 1063 2571 Dr:
1094 2534 1472 2572 ALBERTINI.

857 2612 902 2648 L.
939 2612 989 2649 D.
1030 2625 1095 2648 oz
1140 2611 1529 2652 SCHWEINIZ.
