1928 3051
417 210 436 234 2
441 198 489 234 ob

519 313 610 365 598.
656 314 705 350 A.
750 314 792 350 P.
835 311 1200 349 l'ascicularis.

784 399 824 428 οι,
852 383 1027 435 primula

777 457 822 505 β,
851 456 1052 508 praticola

421 533 587 571 Cor-cina
626 531 919 583 fugaciuscula,
967 543 1273 582 nonnumquam
1310 529 1489 567 evanida.
1549 529 1752 582 Vulgatis-

415 609 513 645 sima
542 615 605 644 est
634 621 674 651 a,
713 609 966 657 truncigena,
1018 608 1135 642 etiam
1174 603 1456 642 subterroszris
1495 606 1602 642 circa
1641 603 1754 643 basin

416 690 651 717 truncorum
680 679 783 718 locis
804 692 975 730 prorsus
995 678 1137 717 iisdem
1164 691 1254 715 cum
1275 677 1573 728 praecedente:
1602 687 1754 716 aestate

412 764 455 792 et
483 763 694 791 autumno.
752 752 798 801 β,
830 753 929 791 locis
957 754 1195 804 graminosis
1233 751 1329 789 hinc
1357 752 1451 789 inde
1480 753 1662 790 occurrit
1689 751 1750 801 (e.

409 842 450 878 g.
484 827 693 866 Molzolzer
722 827 892 878 Haide).
922 849 974 856 —
1002 826 1257 878 Septembri,
1290 825 1480 865 Octobri.

903 953 948 1003 b)
1008 952 1051 989 N'
1080 968 1100 988 ιι
1132 951 1159 988 (Ζ
1188 967 1211 988 a
1242 968 1274 988 c.

518 1053 607 1102 ⁵³99.
655 1050 704 1087 A.
745 1051 789 1086 P.
830 1051 1045 1099 stipata.

778 1138 818 1168 a,
851 1123 957 1159 nuda

776 1196 822 1244 β,
854 1194 1168 1247 αρρειιᾶἰειιῖαειι

414 1268 545 1307 Pilcus
573 1273 615 1306 in
642 1279 748 1308 statu
777 1273 896 1307 etiam
924 1269 1092 1306 humido
1123 1267 1261 1306 colore
1290 1268 1433 1313 variat,
1474 1266 1628 1318 pallens
1645 1296 1654 1313 ,
1684 1280 1752 1305 ru-

411 1341 597 1390 fescens,
628 1344 778 1391 livens,
810 1343 1130 1394 subspadiceus,
1170 1341 1432 1380 Fuscescens:
1465 1351 1646 1379 ceterum
1674 1341 1753 1378 lae-

411 1419 493 1463 vis,
531 1417 582 1455 ad
620 1427 771 1455 tactum
803 1417 936 1455 mollis
965 1420 1050 1456 sive
1078 1416 1179 1454 lenis
1209 1415 1286 1464 (ad
1315 1418 1438 1453 instar
1466 1414 1550 1452 fere
1582 1415 1628 1454 P.
1662 1413 1752 1452 ecla-

412 1490 494 1542 lis).
558 1492 650 1530 Var.
681 1491 727 1540 β,
760 1492 917 1530 cortina
944 1491 1075 1530 lacera
1103 1489 1245 1528 villosa
1271 1489 1402 1527 albida
1423 1488 1749 1540 appendiculam,

409 1564 628 1604 fasciculos
657 1579 779 1617 saepe
810 1569 990 1603 minores
1010 1568 1225 1616 minusque
1250 1563 1461 1601 confertos
1483 1565 1601 1610 sistit,
1634 1566 1753 1600 etiam

363 1679 365 1681 ,
410 1639 666 1677 subsolitaria
695 1642 887 1677 occurrit.
946 1640 1128 1691 Utraque
1156 1638 1208 1676 ad
1236 1625 1405 1675 truncos
1426 1640 1559 1675 varios
1582 1639 1748 1688 passim,

410 1715 575 1749 minime
602 1727 703 1750 rara.
755 1714 854 1760 jun.
887 1723 928 1750 et
955 1726 1072 1765 seqq.
1103 1716 1145 1750 in
1169 1711 1452 1763 Septembrem
1480 1724 1620 1762 usque.

514 1787 601 1824 600.
646 1787 696 1824 A.
737 1788 780 1824 P.
823 1790 1075 1838 corrugis.

413 1859 542 1897 Pileus
579 1871 688 1898 arcte
729 1861 1055 1911 campanulatus,
1099 1867 1226 1910 }—1
1259 1873 1354 1897 unc.
1395 1859 1518 1905 altus,
1564 1869 1750 1911 tempore

411 1938 524 1973 sicco
555 1934 855 1985 expallescens,
887 1937 1125 1985 praesertim
1155 1938 1197 1971 in
1224 1937 1390 1972 vertice.
1447 1936 1626 1984 Sparsim
1660 1947 1751 1971 cre-

412 2010 488 2046 scit
515 2011 556 2045 in
585 2009 738 2059 (ipsius
767 2011 858 2059 pagi
878 2011 1034 2058 nostri)
1064 2008 1185 2055 aulis,
1217 2010 1372 2047 semitis
1392 2006 1619 2055 umbrosis,
1650 2007 1749 2045 hor—

412 2090 541 2119 torum
571 2081 872 2133 rejectainentis
903 2092 983 2120 etc.
1042 2082 1298 2133 Septembri,
1332 2080 1521 2120 Octobri.

514 2154 604 2193 601.
649 2156 700 2194 A.
742 2157 786 2194 P.
829 2156 1218 2207 conoeephala.

412 2229 640 2281 sslycaenae
677 2241 836 2267 tenerae
871 2230 992 2268 nobis
1033 2243 1198 2281 quoque
1235 2232 1470 2267 memoriam
1508 2232 1643 2280 primo
1675 2229 1750 2266 ol]-

411 2313 498 2340 tutu
545 2304 808 2342 restaurabat.
894 2304 1026 2341 Pilcus
1082 2304 1220 2341 colore
1266 2306 1462 2355 opaciore
1511 2303 1751 2351 dilutioreve

412 2377 604 2426 (sordide
633 2378 894 2428 albescente)
929 2378 1094 2424 ludens,
1138 2377 1286 2415 obtuse
1323 2380 1518 2422 corneus,
1559 2376 1752 2415 substria-

411 2460 489 2488 tus.
548 2452 758 2488 Lumcllae
785 2452 960 2498 liberae,
1002 2465 1049 2490 ex
1082 2451 1286 2489 ochraceo
1326 2450 1464 2496 rufae,
1495 2450 1588 2488 dein
1616 2453 1750 2501 nigre·

374 2542 380 2543 ’
409 2535 529 2562 scunt
558 2539 604 2563 ac
627 2526 837 2564 diffluunt:
869 2525 978 2563 unde
1006 2525 1191 2577 Coprinis
1212 2527 1350 2575 potius
1372 2524 1624 2562 accensenda
1647 2523 1750 2561 haec

413 2602 588 2649 specics.
649 2599 782 2651 Stipes
812 2599 1110 2645 subbulbosus,
1146 2598 1378 2649 elongatus,
1419 2597 1546 2635 albus.
1604 2597 1750 2637 Solita-

409 2674 508 2709 riam
547 2682 587 2710 et
626 2677 857 2725 parciorem
901 2673 1115 2725 aliquoties
1163 2672 1330 2725 legimus
1373 2671 1476 2710 locis
1512 2672 1749 2722 graminosis
