1928 3051
1474 153 1524 192 99

285 270 372 309 270.
415 259 466 297 T.
506 256 681 296 fallax.

546 347 585 378 α,
617 331 783 369 dilutior

180 405 345 443 Parcior
372 408 414 443 in
442 406 679 458 regionibus
708 410 861 445 nostris
888 407 992 459 lIgna
1031 410 1165 459 putria
1200 407 1364 454 incolit,
1401 421 1521 461 grege

179 478 367 517 conferto
398 479 701 532 (Eulcnwalcl).
757 481 886 529 Julio,
918 483 1119 533 Augusto.
1147 493 1149 495 ’

285 567 374 605 271.
421 556 473 593 T.
506 555 724 593 clavata.

152 627 373 667 -Juvenilis
403 639 444 667 et
471 629 599 675 haec,
630 629 774 667 fluxilis
805 629 900 666 dum
930 626 1017 674 est,
1061 631 1203 668 colore
1231 631 1407 682 pulchro
1438 634 1522 670 cin-

176 701 372 740 nabarino
401 725 421 731 —
445 702 571 739 rubro
611 703 818 754 gloriatur.
900 704 1089 755 Vulgaris
1136 715 1198 742 est
1241 708 1424 756 species,
1471 708 1522 744 ad

177 785 347 814 truncos
387 776 575 827 putridos
613 776 765 829 ubique
810 790 1060 824 ocemrens3
1110 788 1329 822 autumno,
1376 780 1520 832 hyeme

177 850 336 902 tepide,
367 864 477 889 vere.

281 938 371 976 272.
418 926 469 963 T.
507 927 768 977 nigripes.

539 998 586 1049 β,
618 999 789 1037 cordata

543 1072 578 1120 ὃ,
608 1074 788 1125 vulgaris

173 1147 223 1186 In
250 1146 295 1195 β,
326 1149 525 1201 peridium
554 1149 644 1200 plus
674 1152 806 1187 minus
847 1162 1154 1200 compressum,
1200 1149 1326 1187 modo
1365 1150 1518 1187 obcer-

174 1221 337 1269 datum,
378 1223 509 1261 modo
548 1223 856 1275 subglobosum.
922 1223 1103 1275 Utraque
1138 1232 1319 1262 ceterum
1348 1226 1517 1264 varietas

172 1310 302 1349 aeque
331 1297 416 1335 fere
444 1298 637 1350 frequens
666 1297 807 1345 nobis,
842 1297 996 1350 epixyla
1023 1300 1278 1349 praesertim.
1336 1298 1517 1336 Antece-

173 1371 287 1409 de'nti
316 1385 476 1410 coaeva.

277 1446 365 1498 273.
411 1448 462 1484 T.
502 1457 664 1485 ovata.

172 1520 331 1572 Agmen
371 1520 498 1559 dense
534 1524 741 1573 stipatum.
808 1522 938 1572 Saepe
978 1524 1147 1559 omnino
1182 1520 1332 1572 figurae
1360 1521 1515 1560 indica-

171 1604 233 1632 tae
261 1595 490 1646 respondet
516 1594 739 1647 periclimn:
768 1605 946 1633 attamen
975 1605 1015 1633 et
1047 1595 1364 1642 teretiusculum,
1397 1598 1515 1634 etiam

169 1669 306 1707 medio
347 1669 706 1718 subcontraetum,
749 1671 996 1723 quandoque
1034 1670 1222 1709 vidimus.
1281 1670 1516 1709 corticibus

169 1746 288 1782 variis
319 1747 486 1796 copiose
515 1747 760 1784 innascitur:
798 1748 992 1797 perennis
1020 1744 1120 1783 fere.

276 1824 366 1870 274.
412 1820 463 1857 T.
505 1819 762 1858 olivacea.

170 1892 280 1930 Situs
319 1907 485 1945 sparsus
522 1894 584 1933 vel
613 1904 846 1947 congestus.
906 1892 1148 1932 Membrana
1180 1908 1304 1947 saepe
1333 1894 1517 1947 subjacet

168 1969 265 2005 satis
303 1967 433 2016 fit-ma.
502 1969 652 2007 Forma
695 1973 802 2008 inter
837 1969 1154 2022 praecedentem
1194 1979 1235 2008 et
1273 1980 1515 2021 sequentem

168 2045 283 2093 quasi
311 2043 468 2082 media:
502 2043 610 2082 color
637 2044 687 2083 ab
715 2045 885 2097 utreque
906 2044 1166 2096 discrepans:
1198 2047 1361 2095 species
1380 2054 1514 2083 tamen

166 2114 256 2167 jure
285 2128 492 2169 suspecta.
550 2120 849 2171 Truncigenam
880 2122 1033 2171 passim
1059 2118 1270 2158 habuimus
1299 2128 1510 2165 autumno,

166 2204 276 2229 VCI‘e.

513 2318 562 2371 b)
619 2319 1168 2372 Subglobosae.

271 2416 361 2467 275.
407 2418 460 2455 T.
496 2420 698 2457 nitens.

165 2488 460 2528 Cinnamomea
499 2493 765 2544 plerumque:
807 2493 945 2531 colore
979 2502 1113 2530 tamen
1141 2492 1261 2530 etiam
1297 2493 1421 2528 variat
1448 2490 1509 2528 Iu-

166 2573 254 2610 teo,
307 2564 439 2612 flavo,
487 2569 571 2604 imo
619 2567 893 2611 ochroleuco‚
944 2580 1027 2619 quo
1070 2569 1268 2619 insignem
1306 2565 1432 2605 semel
1470 2567 1509 2602 in

167 2647 313 2678 trunco
353 2640 522 2693 abiegno
558 2644 785 2682 invenimus
825 2644 1047 2694 caespitem
1089 2640 1322 2692 (Mokolzer
1351 2639 1508 2691 Haicle)
