1928 3051
703 193 720 200 υ

1435 182 1482 222 71

149 287 304 327 affixus.
371 288 501 326 Valde
536 287 691 340 juvenis
727 287 1011 339 pallidissimus
1050 296 1137 335 est,
1182 298 1224 326 et
1256 287 1484 341 pellucidus

144 361 254 400 fere:
297 361 391 401 inde
429 361 479 400 ab
517 371 646 400 aetate
675 362 803 400 hacce
834 363 978 400 tenella
1010 366 1256 402 mutationes
1285 363 1435 415 fungilli
1464 376 1486 400 a

144 435 185 475 b.
222 435 328 473 'fode
364 435 491 474 fusius
532 446 734 474 enarratas
772 436 822 474 ad
860 450 980 474 unam
1018 450 1162 476 omnes
1191 437 1301 475 vultu
1329 440 1484 476 intento

145 513 375 561 prosecutis
403 512 651 561 ipsissimum
681 520 814 549 tamen
845 511 1097 562 placentulae
1127 510 1351 550 subsultum
1382 525 1482 550 ocu-

145 583 191 623 lis
242 598 438 636 usurpare
483 597 570 622 non
607 583 764 635 obtigit.
841 585 890 622 In
929 584 1128 623 succerda
1166 584 1269 624 locis
1309 585 1483 626 humidis

143 657 348 696 umbrosis
387 653 571 709 jacente,
623 668 663 696 et
700 658 863 710 quidem
902 668 1086 709 tempore
1116 661 1234 696 etiam
1264 673 1410 698 sereno
1438 672 1486 699 ac

146 733 397 777 siccissi1n0‚
437 744 525 769 non
552 730 787 784 infrequens
817 734 1092 783 coagminatus
1120 732 1345 772 nidulatur:
1391 747 1485 785 par-

145 806 230 841 cior
256 807 298 841 in
325 803 466 842 merda
496 804 683 844 humans.
743 805 842 856 Aug.
871 806 986 856 Sept.

254 877 339 929 195.
385 879 437 917 T.
482 881 763 918 terrestris
800 892 972 918 Noms.

146 951 191 989 T.
223 952 377 1006 major,
426 965 655 1003 congestus,
694 953 774 991 late
802 949 977 1010 effusus,
1024 964 1197 991 tomento
1236 952 1353 992 dense
1383 969 1486 993 com·

140 1041 242 1078 pexo
272 1041 403 1064 crasso
433 1025 649 1065 subiculari
669 1024 892 1084 flavicanti
925 1026 1109 1066 insidens.

249 1101 454 1139 Convenit
483 1102 646 1154 quidem
676 1116 770 1141 cum
798 1101 1073 1154 praecedente
1102 1100 1234 1140 Forma
1255 1116 1302 1141 ac
1327 1103 1483 1151 colore,

144 1177 186 1212 in
213 1177 444 1214 universum
474 1179 591 1214 etiam
622 1177 813 1223 historia,
867 1179 931 1215 cui
971 1186 1012 1214 et
1050 1179 1091 1214 in
1129 1176 1207 1215 hac
1241 1180 1382 1228 specie
1411 1191 1487 1230 per

145 1253 279 1288 omnia
318 1253 420 1288 vitae
457 1250 583 1289 stadia
627 1251 873 1303 indagandae
902 1264 1108 1302 prospero
1139 1261 1287 1290 eventu
1317 1266 1485 1303 operam

141 1329 396 1365 navavimus:
446 1336 488 1365 at
523 1328 663 1376 specie
703 1335 836 1364 tamen
876 1324 1012 1364 differt
1062 1339 1096 1371 1,
1138 1339 1186 1364 ac
1225 1328 1481 1377 praeprimis,

142 1396 315 1436 subiculo
345 1398 472 1437 modo
503 1399 709 1444 indicato;
751 1413 788 1446 2,
819 1398 976 1436 statur-ci
1004 1399 1107 1437 ultra
1134 1399 1302 1451 duplum
1330 1399 1485 1452 majore

143 1473 364 1523 (diametro
394 1487 416 1511 2
446 1473 570 1511 lineas
600 1475 640 1510 in
668 1473 984 1524 perfectioribus
1012 1483 1235 1526 aequante,
1267 1476 1349 1511 imo
1378 1487 1485 1512 non-

141 1561 360 1600 numquam
401 1548 671 1598 excedente);
714 1546 754 1594 3,
786 1549 971 1598 margine
1004 1557 1105 1599 post
1130 1546 1485 1586 fructificationem

141 1622 268 1661 multo
307 1623 549 1661 luculentius
589 1635 636 1660 ac
674 1624 928 1660 constantius
966 1621 1201 1659 membrana
1237 1621 1325 1659 alb&
1354 1622 1485 1661 lacera

140 1696 379 1744 lacinulato;
429 1702 468 1747 4,
502 1697 587 1734 loco
625 1707 666 1734 et
704 1697 743 1742 ὁ,
782 1707 959 1748 tempore
998 1695 1131 1734 natali.
1200 1696 1434 1734 Subiculum
1463 1711 1485 1735 e

141 1771 355 1811 filamentis
383 1772 514 1824 longis
542 1770 801 1809 firmiusculis
831 1771 955 1808 dilute
984 1769 1096 1808 flavis
1125 1780 1236 1808 arcte
1260 1773 1485 1810 intertextis

141 1851 237 1886 satis
268 1860 403 1886 crasse
432 1861 479 1885 ac
508 1846 636 1884 solide
666 1859 935 1897 compexum,
969 1845 1132 1882 demum
1163 1855 1297 1883 tamen
1326 1849 1485 1885 tenuius

140 1932 260 1974 atque
289 1923 384 1960 hinc
413 1922 506 1959 inde
537 1920 793 1959 obliteratum
811 1950 819 1966 ‚
860 1919 1171 1959 subterstratum
1211 1930 1274 1958 est
1301 1930 1486 1958 catervae

140 1995 359 2049 fungorum
389 1997 507 2048 longe
535 1996 719 2047 lateque,
750 1995 801 2032 ad
828 1993 960 2044 4-6
989 1997 1127 2032 uncias
1157 2003 1198 2032 et
1226 1994 1350 2041 ultra,
1386 1994 1488 2032 eifu-

142 2084 232 2109 sae:
270 2070 496 2123 junioribus
525 2071 899 2115 semi-iimue'rsis,
937 2068 1081 2107 adultis
1120 2069 1262 2114 nudis,
1302 2082 1381 2107 nec
1409 2071 1489 2107 nisi

141 2144 297 2184 fibrinis
327 2148 478 2197 sparsis
506 2159 582 2196 pro
610 2157 765 2182 annexu
787 2146 1009 2181 instructis.
1052 2143 1119 2180 Ad
1137 2143 1329 2194 reliqua111
1354 2156 1484 2193 porro

142 2222 299 2270 speciei
342 2220 550 2257 historiam
600 2228 700 2269 post
739 2218 1061 2269 descriptionem
1102 2215 1333 2253 'sodeanam
1384 2228 1486 2267 quae

141 2294 359 2340 addamus,
407 2296 470 2331 vix
508 2292 727 2330 habemus:
773 2305 913 2330 verum
942 2291 1038 2328 illud
1068 2290 1225 2329 silentio
1254 2303 1340 2328 non
1368 2303 1487 2341 prae-

144 2367 383 2405 tereundum
414 2377 499 2413 est,
529 2380 607 2404 nos
636 2380 688 2403 ne
717 2369 758 2403 in
787 2366 863 2403 hac
884 2366 1047 2417 quidem
1074 2367 1238 2416 specle,
1272 2374 1485 2416 quantum-

142 2445 201 2482 xds
232 2442 536 2493 diligentissime
565 2440 778 2479 observata
796 2470 804 2485 ‚
835 2439 1050 2478 vesiculam
1072 2438 1279 2476 salientem
1296 2452 1486 2491 umquam

141 2514 307 2554 vidisse.
377 2516 492 2553 Haec
530 2517 670 2566 potius
702 2514 753 2552 ad
781 2514 822 2552 id
850 2513 1050 2552 firmitatis
1079 2513 1285 2552 roborisve
1315 2513 1481 2558 elastici‚

143 2589 254 2641 quod
291 2590 455 2628 vasculo
496 2589 539 2626 T.
581 2590 769 2625 stercorei
815 2588 955 2626 tribuit
991 2590 1202 2635 inventor,
1252 2590 1482 2639 neutiquam

143 2666 373 2716 pertingere
403 2663 576 2702 videtur.
636 2663 769 2701 Lame
798 2666 986 2701 nimirum
1006 2658 1274 2719 fructificans
1293 2661 1344 2700 ab
1367 2663 1482 2698 initio

1513 879 1593 910 Tab.
1621 880 1667 909 11.
