1928 3051
417 236 457 280 14

413 351 464 387 N.
502 363 545 400 17
588 350 737 388 dictam
772 351 993 400 (quorsum
1030 349 1136 387 hanc
1164 351 1463 389 accensendam
1491 364 1581 390 esse
1610 356 1748 405 patet)

411 425 685 475 Sclerotiaque
715 422 954 460 intercedit!
1018 422 1174 460 ostiola
1201 423 1319 462 nulla.
1378 424 1423 472 β,
1449 425 1586 463 differt
1614 440 1750 477 super-

412 498 504 535 licio
533 499 717 535 atem-imi.
748 496 880 548 glabra
919 497 983 544 (in
1027 495 1251 547 junioribus
1287 502 1530 550 praeprimis
1559 500 1751 551 glaberri-

410 574 472 610 md
504 572 681 621 lucidii);
725 570 851 607 form&
895 570 1106 608 obtusiore
1135 571 1413 623 subelliptic÷⁴i;
1458 572 1569 612 rimis
1597 575 1749 612 rectili-

410 650 519 691 neis,
558 645 780 696 sphaerulis
811 648 1012 696 contiguis
1034 645 1221 696 quidem,
1252 656 1293 683 at
1314 660 1399 684 non
1420 651 1658 695 coarctatis,
1689 651 1748 685 in-

409 721 541 771 deque
570 719 737 756 formam
767 718 1060 757 subrotundam
1087 720 1364 766 servantibus,
1396 721 1609 761 distantius
1631 726 1750 760 etiam

374 843 377 852 1
409 797 588 840 seriatis;
634 793 803 838 statura,
843 796 1028 844 inprimis
1069 797 1275 841 crassitie,
1317 795 1523 847 aliquanto
1562 799 1746 843 minore,

407 869 503 905 loco
541 869 716 919 denique
753 867 886 905 natali.
944 867 992 904 In
1023 867 1196 904 Pteridis
1226 872 1331 906 enim
1358 869 1575 924 Aquilinae
1603 873 1749 922 stipiti-

407 943 484 981 bus
513 945 705 987 mortuis,
738 952 779 979 et
807 941 1076 993 vulgatissima
1106 942 1267 993 quidem
1285 972 1294 990 ,
1336 944 1410 982 sed
1446 958 1570 996 saepe
1599 948 1750 996 imper-

406 1016 512 1055 fecta
541 1030 588 1055 ac-
617 1016 763 1055 sterilis
781 1045 789 1061 ,
823 1019 972 1054 crescit
999 1038 1052 1044 —
1077 1016 1253 1054 maculas
1283 1030 1374 1056 suas
1401 1021 1636 1069 nigerrimus
1661 1032 1750 1056 cre-

407 1091 498 1129 bras
529 1094 685 1129 eminus
717 1099 950 1128 ostentans:
981 1093 1114 1127 minor
1143 1090 1356 1142 juniorque
1374 1121 1382 1137 ,
1414 1091 1510 1129 dum
1539 1093 1639 1129 rima
1663 1092 1750 1130 lon—

406 1165 613 1218 gitudinali
649 1164 782 1202 media
810 1164 927 1201 unica
956 1167 1154 1202 instructa
1182 1175 1266 1212 est,
1317 1179 1434 1216 spem
1465 1167 1648 1217 Hysterii
1677 1166 1748 1203 fal-

406 1240 534 1278 lacem
562 1252 733 1277 movens
760 1261 812 1267 —
840 1241 1074 1276 tenuissima
1103 1249 1187 1276 tum
1217 1242 1437 1290 temporis,
1485 1253 1562 1277 nec
1591 1225 1748 1290 promi-

405 1327 524 1352 nens.
582 1317 754 1352 Yetusta
781 1314 980 1364 grisescit.
1050 1312 1231 1364 Utraque
1260 1326 1342 1351 var.
1374 1313 1568 1352 vernalis:
1610 1317 1749 1365 vigens

405 1389 555 1426 Martio
586 1397 627 1426 et
655 1387 809 1438 Aprili,
847 1387 1003 1424 exoleta
1030 1387 1158 1424 Maio.

508 1489 573 1533 41.
621 1486 659 1521 S.
701 1486 962 1535 graminis.

405 1558 654 1610 Super-ficies
684 1572 759 1609 per
787 1556 1092 1608 sphaerularum
1128 1555 1297 1594 Formam
1327 1559 1528 1609 situmque
1557 1560 1653 1596 satis
1681 1571 1747 1596 re-

405 1634 596 1685 gulariter
623 1645 783 1684 rugosa.
849 1631 896 1668 In
924 1630 1027 1669 foliis
1056 1633 1269 1683 gramineis
1298 1634 1414 1669 variis
1442 1635 1605 1669 minime
1633 1646 1745 1670 rara:

404 1711 446 1745 in
483 1707 627 1759 quibus
666 1705 960 1744 semiviridibus
998 1705 1102 1743 laete
1130 1704 1466 1752 fructificantem,
1507 1706 1748 1756 mucilagine

406 1781 655 1821 scatentibus
693 1779 943 1831 sphaerulis,
993 1779 1162 1831 legimus
1193 1780 1288 1818 Oet.
1320 1781 1430 1817 Nov.
1504 1780 1748 1818 Evacuatam

406 1859 632 1908 reperimus
665 1868 774 1893 vere.

509 1958 573 2001 42.
621 1954 660 1989 S.
703 1950 933 1989 Trifolii.

405 2027 682 2065 Atro-nitens
700 2041 708 2063 :
739 2029 780 2063 in
812 2021 982 2080 Trifolio
1004 2036 1164 2076 repente
1183 2027 1332 2076 passim
1352 2023 1558 2076 Frequens.
1602 2026 1749 2076 Sphae-

405 2102 510 2139 rulas
541 2101 633 2138 alias
663 2101 829 2147 farctas,
861 2100 953 2137 alias
981 2101 1120 2137 inanes
1151 2101 1434 2150 conspeximus
1464 2101 1576 2150 Sept.

509 2210 573 2254 42.
621 2206 660 2241 S.
701 2204 907 2241 Anethi.

772 2293 813 2325 α,
843 2278 992 2315 Aucthi

769 2350 849 2401 ER,
882 2352 1108 2402 culmigena

408 2442 447 2473 α,
478 2428 573 2465 loco
611 2438 687 2465 suo
727 2439 812 2463 non
850 2425 1108 2478 infrequens,
1153 2438 1247 2463 sero
1276 2435 1483 2465 autumno.
1540 2424 1627 2474 ββ,
1653 2424 1746 2463 bre-

406 2504 566 2539 vissima
593 2500 778 2546 linearis,
811 2500 1035 2550 sphaerulis
1066 2503 1266 2551 contiguis
1290 2499 1620 2551 erumpentibus,
1651 2501 1748 2537 osti-

407 2574 480 2612 olis
509 2575 748 2625 prolninulis
777 2584 895 2612 acute
925 2575 1198 2623 (subconice)
1227 2575 1442 2625 papillati&
1500 2575 1658 2610 Statura
1677 2572 1748 2610 ha-

406 2647 594 2699 bitusque
625 2647 666 2685 S.
703 2643 982 2702 <tl-iaes0rmis:
1023 2647 1094 2685 sed
1135 2647 1373 2698 sphaerulae
1401 2650 1678 2698 prominentes
1707 2655 1748 2684 et

407 2732 616 2761 eustomae
645 2722 726 2759 huc
755 2735 863 2768 eam,
904 2724 945 2758 ni
972 2724 1183 2772 propriam
1211 2724 1393 2772 speciem
1422 2721 1532 2760 malis
1550 2751 1559 2768 ‚
1609 2734 1746 2759 aman—
