1928 3051
438 218 488 256 553

443 347 673 386 coarctata,
726 337 846 388 longe
886 338 1044 388 lateque
1082 334 1232 374 effusa:
1275 349 1442 388 sparsae
1478 338 1529 375 ad
1566 340 1786 389 marginem

440 412 503 450 vel
541 412 742 450 solitariae
780 414 906 448 rarius
944 418 1167 447 occurrunt
1204 409 1453 462 sphaerulae.
1519 412 1621 448 Sunt
1658 411 1734 448 hae
1763 423 1786 448 e

441 484 686 536 subgltffiosst
729 483 858 521 formai
898 484 989 534 plus
1036 485 1167 522 minus
1206 494 1372 530 ovatae,
1426 484 1573 523 coloris
1618 483 1785 523 sordIde

440 562 561 609 nigri3
602 558 825 596 substantia
865 560 1032 596 corticis
1068 566 1206 604 tenax,
1249 558 1356 596 unde
1395 559 1457 596 vel
1493 560 1786 597 vetustissimas

438 646 655 684 numquam
707 631 911 670 distractas
958 634 1210 682 reperimus3
1265 632 1500 683 magnitudo
1548 631 1783 669 mediocris.

439 706 575 743 Rus-lm
608 709 702 745 satis
733 706 857 744 densa
887 720 909 743 e
939 707 1028 741 setis
1057 715 1218 743 constat
1250 706 1473 757 rigentibus
1502 706 1659 757 longis,
1689 719 1785 743 mox

440 784 536 820 satis
580 781 815 832 regulariter
864 780 1046 817 radiatim
1098 783 1414 831 circumquaque
1464 779 1781 831 divergentibus‚

438 869 529 893 mox
555 858 687 893 minus
716 856 890 906 magisve
931 854 1184 899 divaricatis,
1231 856 1413 899 incanis,
1456 857 1606 905 passim
1647 854 1784 892 subvi-

438 929 695 968 rescentibus
722 950 776 958 —
805 941 971 980 quarum
1001 941 1180 966 summae
1210 927 1373 965 demum
1403 928 1638 966 obliteratae
1667 930 1785 965 amis-

438 1017 588 1055 saeque
619 1003 773 1040 calvum
803 1002 1049 1048 ostendunt,
1081 1005 1225 1053 puncti
1253 1002 1304 1040 ad
1328 1005 1452 1040 instar
1473 1004 1599 1053 nigri,
1633 1001 1785 1052 Sphae-

437 1078 546 1116 rulae
576 1081 786 1115 verticem.
857 1076 1050 1114 ostiolum
1091 1089 1190 1127 prae
1219 1075 1342 1113 barba
1371 1079 1528 1128 aegrius
1557 1088 1783 1127 agnoscen-

437 1151 560 1198 dum,
610 1154 652 1188 in
687 1151 893 1189 nonnullis
931 1160 1067 1188 tamen
1106 1149 1334 1201 perfectum
1365 1150 1598 1201 papillatum
1629 1149 1783 1187 subco-

436 1228 572 1263 nicum
612 1225 731 1263 nobis
768 1227 896 1263 visum
926 1224 1024 1270 fuit3
1067 1226 1108 1260 in
1136 1224 1241 1270 aliis,
1291 1225 1530 1274 praesertim
1569 1222 1782 1261 denudatis

435 1299 512 1337 illis
541 1298 668 1336 modo
699 1298 941 1349 descriptis,
980 1297 1212 1336 obsoletum
1252 1306 1328 1335 est.
1392 1296 1634 1348 Sphaerulas
1673 1310 1782 1334 non-

437 1376 515 1412 nisi
554 1377 693 1410 inanes
730 1372 965 1410 habuimus:
1014 1375 1054 1409 in
1083 1373 1237 1409 truncis
1264 1371 1461 1423 lignisque
1492 1369 1674 1408 abiecistis
1702 1374 1783 1410 sic-

439 1450 522 1494 cis,
554 1450 672 1485 etiam
700 1446 869 1485 adustis.
928 1445 1164 1495 (Dloholzer
1193 1445 1364 1496 Haide).
1419 1446 1645 1493 Autumno,
1677 1458 1783 1484 vere.

548 1535 634 1558 112.
682 1522 722 1558 S.
761 1520 957 1571 pilosa.

444 1595 566 1633 Color
603 1605 703 1632 ater.
773 1594 1026 1646 Splzacrnlae
1064 1597 1198 1633 minus
1239 1594 1401 1646 quidem
1443 1594 1635 1633 distincte
1665 1607 1783 1646 quam

441 1672 482 1706 in
509 1678 732 1721 sequente,
763 1678 940 1707 attamen
969 1671 1086 1706 etiam
1117 1668 1503 1715 subtuberculosae,
1541 1669 1633 1719 pilis
1661 1671 1784 1705 inter-

439 1743 536 1781 dum
566 1742 894 1781 confertiusculis
923 1742 1092 1781 obsitae.
1157 1742 1223 1780 Ad
1260 1755 1394 1782 ramos
1429 1745 1563 1782 siccos
1593 1741 1782 1792 (Mokol-

439 1832 504 1854 :er
533 1817 706 1867 Haide).
763 1817 889 1854 Maio.

547 1890 634 1929 113.
681 1892 721 1928 S.
761 1891 980 1928 hirsuta.

814 1984 850 2009 o,
884 1966 1047 2001 aristosa

441 2040 634 2091 Gregaria
676 2039 740 2076 vel
787 2039 1006 2091 subsparsa
1055 2050 1209 2076 astoma
1266 2038 1438 2091 globosa
1481 2039 1781 2091 (aciniformis)

438 2124 546 2160 atra,
587 2127 830 2159 verrucosa,
873 2127 1013 2164 sparse
1043 2112 1298 2165 breviterque
1327 2113 1472 2164 pilosa.
1531 2113 1782 2166 Sphaerulae

439 2201 610 2239 parvae,
663 2186 977 2240 fragiliusculae,
1028 2190 1299 2226 vetustiorum
1335 2201 1489 2239 paucae
1528 2187 1779 2227 dimidiatae:

439 2261 621 2298 ostiolum
649 2263 711 2298 vix
739 2261 886 2308 ullum,
937 2264 977 2299 ni
1005 2265 1156 2314 passim
1192 2262 1465 2300 rudimentum
1503 2264 1589 2300 eius
1617 2262 1783 2314 aliquod

438 2335 576 2373 videre
607 2335 677 2372 tibi
706 2335 890 2374 vitlearis.
949 2336 1006 2373 Ex
1036 2336 1112 2374 hac
1141 2336 1422 2387 descriptione
1453 2338 1675 2387 proximam
1703 2349 1781 2374 no-

438 2419 561 2448 stram
592 2408 633 2447 S.
665 2410 850 2447 acinoscze
878 2410 1080 2456 Bam-hii,
1132 2413 1194 2449 vix
1229 2413 1306 2449 nisi
1335 2410 1477 2449 colore
1505 2421 1594 2448 atro
1624 2411 1781 2448 discre-

438 2493 627 2533 pantem,
671 2497 844 2536 cumque
885 2485 929 2522 ea
960 2484 1289 2537 conjungendam
1329 2499 1445 2530 esse,
1496 2483 1612 2522 facile
1641 2494 1777 2536 patet:

438 2571 577 2594 verum
605 2571 655 2595 an
682 2572 704 2594 a
733 2562 874 2609 specie
905 2559 1179 2595 Pet-somnam}
1210 2559 1434 2610 separanda
1462 2561 1532 2604 sit,
1571 2558 1687 2598 huius
1717 2558 1782 2597 vel

439 2632 558 2668 icone
588 2632 649 2668 vel
678 2633 872 2683 exemplis
902 2635 1002 2671 vivis
1039 2632 1247 2679 destituti,
1301 2632 1521 2685 dijudicare
1563 2645 1646 2670 non
1673 2636 1780 2671 ausi-

418 2717 544 2743 vmus.
602 2705 650 2743 In
678 2705 793 2757 lignis
822 2709 954 2758 pineis
982 2706 1244 2759 abiegnisque
1275 2707 1370 2745 hinc
1399 2707 1507 2745 inde.
1565 2708 1697 2744 Junio.
