1928 3051
381 219 449 269 1356

476 343 566 387 4¹¹·
613 338 662 375 Α.
704 337 749 374 L.
791 336 1008 376 felinus.

373 411 552 448 Annulus
589 423 735 461 parvus
773 410 959 464 quidem?
1013 410 1087 448 sed
1126 410 1354 451 distinctus.
1419 413 1566 451 Rarior
1611 414 1711 453 haec

373 488 534 536 species
564 487 603 521 in
631 483 834 522 umbrosis
862 484 1047 522 abiet'mis
1077 494 1213 523 tamen
1239 485 1453 538 aliquoties
1482 487 1611 535 lecta,
1643 500 1714 527 so-

373 558 509 596 litaria.
569 556 823 608 Septembri,
858 557 1046 596 Octobri.

475 636 562 680 412.
606 632 657 668 A.
698 632 744 669 L.
785 632 1214 684 mesomorphus.

735 703 815 753 ββ,
848 719 978 742 roseus

373 777 624 824 Pulchellus,
665 777 838 830 fragilis,
879 782 1024 817 tenuis.
1084 779 1216 817 Pileus
1250 776 1506 834 1s2uncialis,
1559 795 1712 821 conve-

372 866 466 898 xus,
526 852 688 890 demum
736 853 902 904 planus,
961 853 1115 905 glaber,
1168 853 1381 900 humidus,
1434 855 1710 904 subviscosus,

371 925 717 965 subumbouatus:
773 927 860 977 ejus
909 928 1022 966 color
1061 941 1083 965 e
1122 927 1271 966 flavido
1319 943 1368 967 ac
1413 929 1564 967 rosello
1612 933 1713 967 mix-

371 1011 434 1038 tus
489 1011 573 1046 est,
637 1004 677 1038 in
727 1011 869 1039 centro
919 1004 1144 1039 saturatior.
1238 1002 1446 1040 Lamellae
1500 1003 1708 1050 candidae,

369 1078 647 1119 ventricosae,
679 1074 841 1113 liberae.
900 1075 1060 1126 Scipicis
1091 1075 1209 1113 color
1239 1076 1442 1128 eleganter
1465 1091 1606 1115 roseus
1637 1091 1712 1128 per

369 1148 529 1186 floccos
567 1149 676 1187 laxos
715 1152 896 1187 sericeos
933 1149 1166 1187 flavicantes
1206 1149 1280 1187 sub
1310 1150 1456 1187 annulo
1486 1153 1711 1200 persisten-

370 1231 432 1260 tes
462 1231 712 1272 transparet:
754 1223 919 1258 annulus
948 1226 1038 1273 Ipse
1068 1221 1249 1273 ejusdem
1284 1236 1455 1272 prorsus
1485 1233 1710 1261 structurae

368 1298 658 1347 picturaeque,
690 1295 972 1342 mollissimus,
1015 1296 1177 1334 demum
1209 1299 1424 1334 evanescit.
1481 1298 1578 1335 Var.
1609 1297 1710 1337 haec

367 1380 505 1409 nostra
542 1383 562 1407 a
603 1368 910 1414 ΒιιΙίἱαι-ᾱὶαηιῖ,
960 1372 1024 1407 cui
1070 1372 1197 1421 stipes
1234 1370 1355 1408 laevis
1404 1383 1495 1408 esse
1535 1370 1707 1419 videtur,

368 1444 539 1483 forsitan
568 1447 706 1495 specie
737 1443 960 1494 separanda
988 1446 1076 1481 erit.
1134 1444 1377 1483 Rarissimae
1401 1445 1581 1496 exempla
1609 1459 1711 1497 pau·

370 1533 439 1565 ca,
481 1518 555 1557 sed
592 1516 795 1570 perfecta,
849 1518 973 1555 semel
1011 1520 1172 1555 inventa
1205 1517 1318 1556 fuere
1347 1521 1387 1556 in
1415 1520 1599 1558 abietinis
1628 1534 1711 1558 ma-

370 1592 558 1631 dentibus
595 1591 798 1630 umbrosis
835 1594 1014 1643 epigaea.
1071 1593 1253 1630 Exeunte
1285 1593 1531 1644 Septembri.
1590 1594 1709 1643 (Mo-

371 1666 502 1705 holzer
531 1665 701 1715 IIaide).

472 1739 563 1790 [μδ.
608 1740 659 1778 Α.
701 1739 748 1777 L.
788 1738 1121 1779 Carcharias.

370 1814 432 1853 Cf.
463 1814 570 1852 Pers.
603 1813 656 1850 Ic.
687 1814 822 1864 pictae
849 1813 883 1850 Ι.
925 1813 1002 1851 tab.
1034 1814 1087 1851 V.
1119 1812 1146 1851 f.
1184 1827 1196 1850 ι
1216 1812 1323 1851 -5,
1364 1814 1484 1863 (icon
1513 1818 1706 1868 optima).

372 1887 502 1926 Pileus
534 1885 788 1939 1s2uncialis:
819 1888 937 1939 stipes
965 1888 1208 1926 mediocris:
1240 1887 1423 1924 lamellae
1447 1889 1522 1926 late
1549 1889 1711 1928 lanceo-

367 1961 480 2000 latae.
538 1961 674 2013 Sapor
701 1963 742 1998 in
770 1964 922 2000 nostris
952 1962 1066 1999 valde
1089 1975 1315 2001 nauseosus
1338 1964 1515 2014 quldem,
1546 1974 1586 2001 at
1609 1977 1709 2001 con-

368 2045 523 2074 stanter
566 2045 672 2073 totus
721 2037 840 2073 mitis.
913 2035 1049 2087 Atque
1086 2035 1154 2073 hic
1191 2038 1231 2073 in
1269 2039 1500 2075 universum
1539 2051 1710 2077 monere

368 2109 509 2155 liceat,
541 2109 796 2147 characteres
824 2122 846 2146 a
874 2121 1023 2160 sapore
1052 2109 1114 2147 vel
1143 2111 1271 2148 odore
1300 2109 1518 2162 fungorum
1546 2111 1708 2150 desum·

368 2192 457 2228 tos,
498 2186 652 2221 etiamsi
691 2186 856 2221 minime
894 2183 1122 2235 negligendi
1160 2187 1263 2231 sint,
1314 2184 1410 2222 hinc
1448 2194 1581 2222 tamen
1613 2198 1708 2223 seu-

368 2260 553 2295 suumin
589 2257 753 2308 singulis
792 2271 924 2308 paene
960 2258 1255 2297 scrutatoribus
1292 2258 1605 2310 idiosyncratice
1646 2258 1708 2296 di-

367 2343 578 2369 versorum
606 2331 756 2382 judicio
787 2345 910 2382 saepe
939 2331 1066 2369 fallaci
1096 2332 1315 2378 obnoxios,
1347 2332 1454 2370 illinc
1483 2346 1562 2384 pro
1591 2332 1706 2371 loco-

366 2418 455 2442 rum
483 2405 670 2444 natalium
699 2406 804 2444 varia
832 2406 966 2443 indole
996 2406 1216 2444 admodum
1251 2406 1463 2444 mutabiles
1481 2436 1489 2450 ‚
1533 2409 1706 2444 circum—

368 2481 549 2530 spect‘ms
579 2482 745 2517 omnino
783 2493 861 2518 nec
896 2494 1085 2532 umquam
1121 2483 1198 2518 nisi
1241 2480 1416 2518 additive
1454 2480 1706 2518 adhibendos

367 2564 501 2603 neque
536 2555 658 2591 nimio
696 2554 968 2593 aestimandos
1006 2567 1107 2593 esse.
1143 2575 1196 2583 —
1231 2553 1280 2591 In
1307 2554 1427 2606 sylvis
1465 2556 1706 2605 praesertim

368 2624 553 2664 abietinis
581 2630 782 2668 rarissima
810 2631 973 2681 specics
1002 2628 1116 2668 coelo
1144 2631 1284 2676 sicco,
1324 2627 1469 2667 crebra
1495 2627 1702 2667 humente.

368 2699 483 2751 Sept.
516 2701 611 2739 Oct.
