1928 3051
390 216 462 257 158

387 345 509 375 stram
538 334 592 371 N.
623 338 696 382 44¹
738 331 1169 369 commemoravimus:
1208 339 1348 366 verum
1385 328 1486 366 haec
1520 328 1623 366 ultra
1649 327 1724 366 du»

387 409 498 461 plum
534 406 663 458 major
700 403 988 454 robustiorque
1028 402 1191 440 colores
1229 401 1499 441 alienissimos
1537 410 1726 440 ostentat.

391 483 521 520 Pileus
550 479 708 529 33—s}
735 489 829 514 unc.
860 476 987 522 latus,
1030 489 1052 514 e
1081 474 1210 512 forma
1243 475 1380 513 initiali
1409 474 1729 526 liemisphaericA

389 552 688 607 planiusculus,
737 549 973 596 rufescens,
1024 548 1243 601 squamulis
1282 549 1425 600 pilosis
1463 548 1730 587 cinnabarinis

390 627 554 666 modice
593 620 785 664 confertis
823 623 1130 675 subsquarrosis
1166 624 1316 671 (rarius
1345 622 1508 660 demum
1537 607 1749 660 obliterass

391 704 468 752 tis)
497 701 743 752 adspersus:
784 697 966 735 lamellae
995 710 1087 736 cum
1118 711 1158 743 α,
1191 709 1418 748 congruae:
1458 697 1578 748 stipes
1607 699 1733 734 triun-

392 775 527 820 cialis,
567 776 813 812 semunciam
844 774 1006 810 circiter
1034 783 1220 817 crassus,
1261 769 1437 816 validus,
1479 770 1605 818 bujbo
1635 782 1733 822 spe-

393 849 527 888 ctabili
557 858 730 898 excepto
760 857 892 893 teres,
925 845 1099 890 solidus,
1131 857 1255 896 supra
1284 845 1480 881 cortinam
1504 844 1734 893 (subannu-

393 923 509 961 latam
539 922 669 959 vivide
700 920 1022 970 cinnabarinam)
1052 918 1218 958 sordide
1246 917 1482 965 rufescens‚
1517 918 1619 957 infra
1645 932 1734 957 eam

395 999 571 1050 squamis
613 993 942 1034 transversalibus
979 996 1098 1031 rimas
1136 992 1427 1031 mentientibus
1466 993 1736 1031 cinnabarinis

397 1070 610 1117 obtectus;
643 1073 749 1107 intus
779 1078 889 1105 totus
919 1067 1090 1118 pallidus
1120 1080 1191 1104 seu
1221 1067 1346 1104 dilute
1373 1067 1608 1106 rubescens.
1651 1068 1735 1105 Na-

395 1148 522 1183 scitur
561 1143 704 1194 fungus
742 1144 902 1194 egregie
942 1140 1143 1179 formosus
1171 1145 1211 1178 in
1239 1141 1424 1179 abietinis
1451 1142 1654 1179 muscosis
1681 1143 1736 1177 ri·-

395 1218 546 1256 vulosis
575 1215 797 1265 (Dalm-am
829 1213 1036 1252 Moholzer
1066 1213 1222 1257 Haide;
1253 1214 1424 1265 Ηϋίίες)
1454 1214 1655 1254 solitarius
1674 1212 1737 1253 vel

396 1291 678 1343 subgregarius
706 1291 872 1341 passim.
930 1287 1176 1339 Septembri.

500 1369 591 1415 449.
636 1363 688 1403 A.
729 1363 778 1401 C.
821 1364 1120 1413 sanguinea.

763 1451 803 1482 α,
837 1437 1059 1487 sanguinea

762 1509 841 1560 ββ,
876 1510 1008 1548 media

401 1588 531 1627 Color
566 1589 608 1624 in
636 1600 677 1633 α,
707 1585 952 1624 vividissime
991 1585 1139 1631 ruber,
1193 1598 1270 1636 per
1307 1587 1437 1636 ipsam
1475 1587 1594 1623 etiam
1632 1583 1743 1636 fungi

403 1660 664 1700 substantiam
703 1659 794 1710 plus
833 1661 966 1698 minus
1005 1669 1239 1710 penetrans.
1309 1658 1444 1696 Pulvis
1476 1661 1744 1709 spermaticus

403 1749 426 1774 e
456 1748 608 1773 croceo
638 1733 903 1784 ferrugineus.
970 1732 1049 1781 ββ,
1081 1733 1191 1784 pileo
1232 1735 1515 1771 cinnamomeo
1546 1745 1594 1770 ac
1620 1731 1744 1770 rube-

405 1809 497 1846 dine
527 1808 669 1846 subtus
700 1810 818 1844 etiam
847 1810 978 1845 minus
1007 1810 1143 1844 vivaco
1179 1807 1363 1858 pur-fique
1401 1806 1615 1852 distincta,
1655 1819 1746 1844 ver-

409 1895 477 1921 sus
517 1881 559 1920 C.
604 1883 916 1918 cinnamomeam
955 1881 1132 1929 (forma,
1182 1881 1354 1925 statura,
1404 1879 1544 1917 habitu
1592 1882 1747 1931 speciei

407 1966 568 1994 nostrae
606 1957 805 2005 vicinam)
845 1954 1054 1992 evidenter
1093 1957 1246 1993 transit.
1326 1954 1509 2004 Utraque
1546 1956 1589 1990 in
1625 1954 1746 2005 sylvis

405 2032 586 2067 acetosis
613 2028 863 2077 nostratibus
893 2031 1054 2066 minime
1083 2027 1334 2079 infrequens.
1392 2027 1614 2065 Autumno.

509 2103 600 2152 450.
645 2104 696 2140 A.
739 2102 788 2141 C.
831 2103 1050 2140 viscida.

772 2191 812 2222 α,
844 2178 1058 2214 communis
1253 2225 1265 2233 „

408 2249 539 2288 Pileus
565 2250 680 2289 valde
709 2250 956 2303 glutinosus,
988 2251 1150 2290 dilutius
1179 2249 1471 2303 proi'undiusve
1499 2261 1746 2301 purpureus.

410 2323 617 2361 Lamellae
645 2338 738 2363 cum
767 2326 922 2362 cortine}
952 2329 1086 2377 primo
1117 2325 1250 2363 albae:
1291 2324 1367 2363 sub
1395 2323 1751 2362 Fructificationem

409 2398 504 2435 dein
533 2401 685 2437 semine
716 2403 863 2437 tinctae
892 2410 1087 2452 utraeque
1126 2402 1382 2437 cinerascunt
1416 2398 1660 2450 demumque
1688 2399 1750 2434 ni-

409 2475 587 2523 gricant:
620 2473 881 2525 melasperma
909 2477 1017 2512 enixu
1046 2483 1110 2512 est
1137 2472 1323 2524 species!
1366 2472 1498 2524 Stipes
1525 2485 1612 2509 non
1631 2471 1752 2509 deor-

411 2558 500 2583 sum
529 2546 654 2585 modo
695 2548 792 2596 (ubi
831 2548 974 2586 colore
1011 2547 1118 2586 flavo
1155 2547 1391 2599 rubelloque
1418 2546 1571 2596 ludit),
1611 2557 1750 2583 verum

412 2629 454 2657 et
490 2633 649 2658 sursum
690 2621 1029 2660 subincrassatus.
1093 2621 1281 2672 vulgaris
1316 2622 1467 2658 crescit
1493 2621 1655 2671 species
1684 2632 1751 2655 ex-

412 2696 591 2732 centrica
618 2697 660 2732 in
688 2698 852 2734 ericetis
881 2709 928 2734 ac
965 2698 1200 2748 pinastretis
1237 2694 1388 2746 ubique
1427 2692 1536 2740 fere,
1576 2695 1619 2730 in
1650 2693 1752 2745 hye-
