1928 3051
448 210 523 257 254}

446 338 678 378 praeamare
708 314 868 362 videtur
898 321 1115 370 bctzclz'izos,
1145 326 1188 361 in
1205 326 1430 363 nemorosis
1459 324 1668 365 frondosis
1696 326 1788 365 ubi-

448 413 549 451 que,
597 398 882 450 subperennis.
967 397 1134 435 Parcior
1180 402 1362 436 occurrit
1405 412 1446 451 γ,
1487 399 1539 437 ad
1576 398 1790 438 caudicum

444 473 604 512 radices
634 472 928 522 (sslonplaisim
970 469 1242 509 Eberslmcher
1272 471 1514 524 Hohlweg),
1555 474 1690 526 stipite
1727 476 1789 512 in-

448 557 602 586 structa
632 546 765 594 brevi,
796 559 905 584 nunc
933 545 1106 592 laterali,
1142 560 1252 584 nunc
1281 561 1303 585 e
1331 547 1440 598 pileo
1470 550 1628 600 integro
1657 547 1791 586 infim-

448 621 696 660 dibuliformi
724 621 902 659 verticuli
931 620 1122 659 centrali:
1154 631 1317 673 reperta
1345 621 1408 660 bis
1436 622 1499 660 vel
1528 632 1611 669 ter,
1643 635 1751 661 vere.

552 695 642 746 754.
688 694 732 732 B.
773 695 1174 733 cinnabarinus.

447 769 636 808 Latitudo
667 783 973 822 nonnumquam
1003 770 1220 808 triuncialis
1253 779 1294 808 et
1321 769 1437 808 ultra.
1495 769 1627 807 Pileus
1653 769 1790 821 paullo

447 844 611 883 dilutius
641 844 847 883 coloratus
875 845 1008 895 poris,
1038 844 1200 882 demum
1220 858 1389 896 prorsus
1418 844 1554 883 laevis.
1611 844 1791 883 Arbores

447 918 665 957 frondosas
695 922 821 957 varias
851 918 1032 957 incolere
1061 919 1245 957 videtur:
1277 932 1300 957 a
1320 919 1441 958 nobis
1461 921 1622 970 saepius
1644 919 1788 972 lectus,

446 993 548 1031 locis
578 993 782 1032 umbrosis
812 992 1099 1041 humentibus,
1129 996 1169 1030 in
1199 997 1351 1033 truncis
1380 995 1580 1046 lignisque
1611 992 1790 1030 betulinis

448 1067 683 1117 (Molzolzcr
712 1067 867 1112 Haiclc;
889 1064 1008 1123 saule
1037 1068 1242 1111 ΒΓὶλεᾸενις
1281 1067 1482 1105 ΒανιιιΙιεΙ·
1512 1063 1791 1123 Schafbe1·g),·

447 1141 573 1181 semel
608 1144 651 1179 in
684 1145 806 1181 ramis
853 1141 973 1180 Sorbi
1009 1143 1272 1194 Aucupariae
1317 1141 1545 1190 (ver-lomes
1588 1143 1790 1192 Wasser).

446 1216 580 1262 Maio,
611 1217 760 1254 Junio:
791 1216 889 1253 item
917 1216 1126 1268 Augusto,
1157 1215 1406 1267 Septembri.

551 1290 643 1340 755.
688 1289 734 1326 B.
771 1289 1057 1328 abietinus.

447 1366 579 1415 Saepe
616 1374 726 1414 totus
765 1363 850 1402 fere
889 1362 1270 1411 effuso-reflexus,
1310 1363 1362 1401 ad
1391 1363 1537 1401 Porias
1575 1363 1789 1403 transiens.

447 1438 618 1477 Etiamsi
661 1442 796 1490 primo
844 1439 995 1477 intuitu
1039 1439 1185 1477 faciem
1230 1453 1253 1477 a
1291 1438 1571 1477 Sistotremate
1613 1438 1793 1476 violaceo

446 1515 542 1552 satis
579 1513 779 1552 diversam
816 1513 1022 1563 exhibeat,
1062 1527 1137 1552 nos
1177 1523 1312 1552 tamen
1349 1513 1469 1551 etiam
1511 1523 1633 1565 atque
1672 1513 1795 1551 etiam

446 1602 656 1635 veremur,
706 1602 758 1626 ne
797 1588 849 1626 ad
891 1587 1012 1640 hujus
1051 1588 1336 1627 tantummodo
1381 1597 1552 1626 aetatem
1590 1586 1794 1639 juniorem

446 1663 705 1715 inediamque
727 1673 900 1714 spectet.
958 1662 1206 1701 Caudicibus
1225 1663 1427 1714 lignisque
1450 1663 1577 1714 pineis
1605 1671 1646 1699 et
1673 1674 1793 1713 prae-

448 1741 587 1777 sertim
606 1736 789 1775 abietinis
805 1737 998 1789 frequens
1015 1740 1169 1789 passim
1185 1740 1418 1775 innascitur.
1447 1737 1668 1784 Autumno,
1687 1749 1792 1775 vere.

886 1873 1357 1904 C.PORIAE.

553 1960 643 2011 756.
688 1961 736 1999 B.
779 1961 824 1998 P.
863 1961 1208 1999 Destructor.

815 2050 856 2080 α,
888 2036 1102 2071 communis

814 2107 860 2156 β,
891 2107 1073 2145 sebaceus

448 2186 544 2223 Var.
575 2199 616 2231 α,
647 2183 884 2236 infrequens
921 2183 1065 2229 nobis,
1102 2182 1197 2220 hinc
1236 2182 1331 2220 inde
1363 2191 1496 2220 tamen
1525 2181 1671 2229 obvia,
1710 2195 1797 2220 non

449 2258 676 2298 domestica
705 2268 880 2303 tantuin,
912 2258 1070 2304 trabes,
1101 2270 1259 2296 asseres
1288 2267 1366 2295 etc.
1398 2257 1441 2294 in
1469 2256 1637 2295 aedibus
1666 2256 1796 2295 einol-

449 2334 574 2380 liens,
605 2347 745 2372 verum
775 2333 971 2386 sylvatica
1002 2345 1189 2384 quoque,
1221 2331 1444 2370 corticibus
1467 2332 1642 2383 putridis
1669 2327 1797 2383 pineis

450 2409 708 2454 increscens,
749 2407 1034 2453 crassiuscula,
1073 2409 1180 2444 varie
1221 2405 1363 2444 effusa.
1436 2406 1555 2444 Mere
1593 2406 1795 2457 lignatilis,

450 2494 494 2520 ut
522 2483 707 2521 videtur:
739 2482 948 2534 perennis.
989 2480 1035 2530 β,
1065 2481 1312 2519 rarissimam
1335 2480 1462 2518 semel
1491 2490 1584 2517 ante
1614 2480 1798 2531 complu-

450 2570 517 2595 res
546 2570 676 2595 annos
704 2560 746 2594 in
780 2559 1012 2609 pavimento
1042 2556 1138 2607 ligni
1166 2558 1298 2593 onmis
1329 2564 1494 2605 experte
1523 2552 1682 2605 lapideo
1711 2553 1796 2591 udo

452 2645 670 2684 numquam
699 2645 787 2669 non
814 2634 974 2683 irrigato
1012 2628 1369 2679 (Austalcskic'the)
1404 2630 1654 2679 reperimus,
1693 2641 1799 2665 inar-

453 2707 544 2758 gine
572 2707 652 2744 lato
682 2706 806 2745 sterili
824 2718 977 2758 rugoso
994 2727 1014 2733 —
1032 2704 1185 2743 undato
1206 2703 1344 2756 glabro
1366 2702 1531 2742 sordide
1549 2701 1797 2754 pallescente
