1928 3051
755 209 990 222 -—-——-——-
1469 184 1539 235 157

301 309 392 359 445.
438 309 490 346 A.
530 307 578 346 C.
619 314 908 358 argentata.

199 382 332 421 Pileus
360 382 516 435 junior,
556 381 652 419 dum
690 384 796 418 inter
821 391 989 417 muscos
1020 382 1268 432 promergit,
1309 391 1539 431 purpureo·

197 458 402 496 violaceus
439 466 523 503 est,
565 455 640 494 sed
678 454 754 506 jam
792 463 876 491 tum
913 463 1106 505 argenteo
1136 456 1249 506 quasi
1275 456 1433 491 micore
1463 452 1540 491 ob-

196 530 360 569 ductus.
419 529 555 583 Sapor
583 529 766 581 odorque
795 542 967 580 prorsus
1004 528 1242 580 peculiaris,
1288 529 1351 566 vix
1387 527 1542 565 descri-

198 603 374 644 bendus.
441 606 652 656 Frequens
688 606 869 641 nascitur
905 602 1055 654 ubique
1096 602 1179 641 fere
1209 602 1406 654 sylvarum
1434 600 1544 639 abie-

199 682 371 717 finarum
400 691 704 725 muscosarum,
735 676 807 715 sed
837 679 899 715 vix
927 675 1033 715 alibi.
1091 678 1202 728 Sept.
1235 677 1331 715 Oct.

301 753 398 803 446,
434 753 483 788 A.
522 751 571 789 C.
612 750 949 789 decumbens.

199 827 333 865 Primo
370 825 516 863 obtutu
544 824 596 862 A.
632 823 900 876 Gymnopoda
936 823 1198 874 argillaceum
1233 826 1275 860 in
1306 827 1542 863 memoriam

198 909 367 939 revocat
404 901 567 950 species
604 897 827 949 pulchella;
877 911 896 934 a
936 912 1016 950 quo
1053 907 1186 935 tamen
1227 907 1390 948 praeter
1424 901 1543 936 situm

200 973 448 1026 bulbumque
476 972 643 1011 lamellis
673 974 790 1009 etiam
821 971 1028 1022 discrepat
1055 974 1116 1009 vix
1136 971 1299 1010 adnexis
1318 971 1433 1009 valde
1452 972 1543 1024 pul-

199 1049 419 1087 verulentis
455 1047 588 1086 vivide
626 1046 1143 1098 ochraceo-Ferrugineis.
1220 1044 1352 1096 Stipes
1389 1048 1431 1083 in
1464 1059 1542 1084 no-

201 1126 294 1162 stris
335 1137 357 1161 e
392 1125 545 1161 muscis
592 1131 811 1173 protrusus
856 1120 1146 1171 subelongatus
1194 1119 1365 1158 formam
1410 1129 1544 1158 tamen

201 1206 516 1236 conservaverat
545 1196 751 1234 clavatam.
817 1195 1050 1233 Parciorem
1087 1196 1316 1245 reperimus
1344 1196 1386 1230 in
1414 1194 1542 1246 sylva-

201 1273 291 1310 ticis
328 1271 513 1309 abietinis
553 1268 823 1320 (Polsbruch)
868 1269 971 1308 locis
1018 1268 1224 1306 umbrosis
1274 1268 1540 1307 sicciusculis.

200 1345 382 1384 Exeunte
411 1344 652 1397 Septembri.

302 1425 393 1471 447.
438 1420 489 1457 A.
533 1419 580 1457 C.
621 1419 781 1456 lenta.

564 1491 643 1541 ββ,
675 1489 958 1545 araeophyllos

199 1569 403 1606 Convenit
429 1577 567 1605 nostra
596 1579 688 1604 cmxi
719 1564 993 1603 Persooniamt
1022 1565 1198 1611 statura,
1241 1565 1401 1611 colore,
1432 1564 1541 1616 pileo

197 1642 349 1694 glutine
386 1641 514 1680 denso
550 1640 744 1686 obtecto,
797 1642 904 1677 circa
942 1640 1161 1689 marginem
1198 1638 1386 1677 obsolete
1417 1642 1543 1677 corti-

197 1726 317 1763 nato,
358 1716 475 1754 disco
513 1715 763 1766 pallescente
791 1713 856 1751 vel
882 1713 1095 1750 flavicante
1124 1722 1233 1758 etc.;
1277 1712 1350 1750 sed
1378 1713 1543 1751 lamellis

198 1789 336 1829 differt
364 1788 630 1835 distantibus,
676 1786 765 1842 ¹}s2
793 1787 916 1826 lineas
945 1787 1058 1834 latis,
1107 1786 1216 1839 quod
1245 1787 1463 1825 discrimen
1494 1786 1545 1825 ad

199 1867 383 1917 speciem
422 1863 687 1915 separandam
727 1876 860 1914 paene
905 1861 1095 1900 sufficere
1145 1860 1318 1900 videtur.
1398 1863 1544 1913 Neque

198 1948 334 1977 tamen
374 1938 592 1990 quidquam
630 1940 671 1974 in
708 1940 847 1988 specie
887 1935 1008 1975 nobis
1044 1936 1269 1983 rarissima,
1319 1936 1442 1975 semel
1477 1946 1544 1974 aut

198 2012 259 2051 bis
296 2012 529 2064 jamdudum
571 2011 694 2062 (ὃθεν
735 2008 1040 2061 Lchmgruben)
1078 2010 1267 2061 reperta,
1320 2010 1543 2048 decernere

199 2089 390 2126 ausimus.
450 2086 650 2134 Octobri,
682 2085 918 2124 Novembri.

671 2211 713 2263 d)
766 2209 1069 2248 Rubrae.

303 2308 394 2358 448.
439 2308 491 2347 A.
533 2308 582 2346 C.
623 2307 898 2345 Bulliardi.

564 2380 644 2430 ββ,
675 2380 926 2434 squamulosa

201 2457 266 2495 De
295 2456 374 2495 hac
404 2470 569 2508 quoque
598 2457 789 2493 varietate
818 2453 971 2500 nostra,
1005 2462 1201 2505 quatenus
1223 2453 1429 2504 propriam
1448 2463 1537 2504 spe-

201 2534 303 2570 ciem
333 2529 562 2568 mereatur?
599 2533 667 2582 qui
694 2533 858 2568 iconem
896 2527 1224 2566 Bastiae-dianam
1265 2526 1395 2564 oculis
1424 2539 1542 2564 usur-

200 2615 325 2657 pant,
374 2604 637 2657 dijudicanto.
702 2605 964 2655 Squamarum
1003 2603 1100 2654 pilei
1137 2604 1368 2653 stipitisque
1400 2600 1541 2638 eadem

201 2678 287 2719 fere
316 2689 379 2720 est
405 2679 567 2718 indoles
596 2691 646 2717 ac
674 2681 797 2725 ratio,
841 2690 959 2727 quam
996 2677 1048 2715 ad
1086 2676 1130 2715 C.
1162 2673 1439 2728 lepidomycen
1465 2688 1543 2713 no-
