1928 3051
408 174 478 219 ¹¹¹}

404 298 499 326 tem.
558 289 691 338 Stipes
722 297 902 325 ceterum
933 284 1152 329 candidus,
1198 297 1277 323 nec
1312 287 1390 322 nisi
1418 284 1579 323 demum
1610 299 1633 324 e
1661 287 1745 338 pal-

401 362 483 398 lido
515 360 774 405 fuscescens,
813 361 1179 403 sericeo—nitens,
1218 358 1482 405 substriatus,
1525 360 1744 411 superficie

399 434 507 472 haud
543 448 632 471 raro
670 432 907 479 undulatus‚
959 445 1262 484 nonnumquam
1301 445 1566 483 compressus
1601 444 1642 472 et
1671 435 1745 473 de-

401 507 597 546 cumbens
615 536 622 553 ‚
654 510 781 545 rat-lus
811 520 902 544 cum
923 509 1058 544 vicino
1077 508 1401 552 seluiconnatus,
1433 510 1610 545 crassior
1629 507 1745 546 deor·

400 594 488 619 sum
517 594 593 632 pro
622 579 786 631 capituli
814 582 971 618 ratione
1001 593 1119 632 quam
1148 582 1189 616 in
1221 578 1268 617 O.
1300 579 1466 633 cquimi:
1505 582 1580 632 qua
1609 583 1744 632 ipsum

400 658 518 693 etiam
549 655 768 705 capitulum
808 654 928 705 triplo
959 667 1090 705 paene
1128 656 1259 691 minus
1290 663 1374 700 est,
1415 656 1644 706 stipitisque
1675 654 1744 693 ba-

400 732 461 767 sin
501 729 699 766 dimnetro
738 731 870 766 minus
910 728 1080 766 excedit.
1150 729 1292 766 Facies
1331 728 1382 766 de
1410 729 1566 780 reliquo
1596 731 1744 780 stipitis

398 802 520 842 laevis
556 812 624 840 aut
661 802 944 841 subiibrillosa.
1010 801 1226 840 Str-accam
1263 803 1424 838 interna
1458 816 1549 840 cum
1578 813 1743 842 antece-

400 876 523 915 dente
553 879 694 928 specie
723 879 926 914 convenit.
981 876 1210 914 Notabilem
1240 876 1403 928 fungum
1433 879 1473 913 in
1502 880 1646 928 pennis
1677 890 1745 915 os-

399 950 619 1002 siculisque
658 950 945 1002 superstitibus
986 950 1191 988 cadaveris
1234 953 1342 988 unici
1393 952 1544 987 corvini
1592 950 1744 1000 (Corvi

404 1023 582 1062 Cornicis
620 1025 700 1075 L.)
739 1024 954 1075 putredine
995 1023 1152 1076 jamjam
1193 1023 1468 1070 conficiendi,
1519 1025 1614 1062 loco
1653 1038 1742 1062 um-

400 1097 526 1136 broso
567 1097 756 1148 jacentis,
807 1101 1057 1144 invenimus,
1106 1098 1180 1136 sed
1216 1098 1469 1149 frequentem
1507 1108 1743 1150 aetatesque

399 1185 491 1210 suas
529 1181 680 1209 tantum
717 1185 799 1209 non
834 1185 976 1210 omnes
1017 1172 1134 1209 simul
1175 1180 1460 1209 ostentantem.
1528 1171 1743 1221 (Sproizer

401 1245 569 1296 Hilgel).
627 1245 883 1296 Septembri,
926 1245 1113 1283 Octobri.

504 1333 606 1357 ons.
661 1320 778 1357 Loco
808 1333 951 1370 parum
979 1323 1119 1370 utique
1147 1318 1299 1357 idoneo
1327 1332 1454 1371 genus
1483 1319 1618 1357 hocce
1636 1323 1743 1359 inter

400 1395 587 1433 Macores
614 1392 869 1445 Aecidiaque
898 1403 1004 1431 stare
1032 1393 1202 1431 videtur.
1257 1394 1316 1431 Ex
1342 1394 1483 1432 nostra
1506 1404 1617 1432 certe
1647 1408 1742 1432 sen-

400 1468 549 1514 tentifi,
599 1466 949 1506 observationibus
976 1468 1028 1505 de
1056 1467 1223 1518 pulvere
1263 1467 1449 1505 subfilato
1478 1481 1601 1519 supra
1629 1482 1743 1507 enar-

397 1546 492 1581 ratis
521 1542 649 1578 innixfi
667 1571 675 1587 ,
718 1554 853 1592 prope
890 1541 1164 1578 Tuloscomata
1193 1551 1234 1579 et
1262 1541 1531 1594 Lycopersla,
1570 1541 1739 1589 formae,

399 1618 643 1668 tegumenti,
676 1615 835 1653 habitus
863 1614 1097 1653 affinitatem
1125 1616 1233 1653 haud
1261 1615 1535 1667 abnegandam
1554 1630 1652 1667 prae.
1679 1630 1741 1665 se,

399 1690 475 1743 qua
504 1690 583 1729 huc
610 1689 837 1737 accedunt,
878 1688 1047 1728 Ferentia
1073 1712 1126 1718 —
1154 1689 1483 1728 translocaudum
1513 1693 1601 1728 erit.

773 1815 1367 1854 32.AEC1DIUM.

503 1926 604 1950 ons.
659 1911 810 1950 Tribus
849 1912 946 1951 duas
981 1915 1191 1963 primarias
1222 1911 1440 1950 commode
1469 1911 1644 1950 admittit
1671 1926 1741 1965 ge—

397 2000 472 2024 nus
511 1989 657 2024 civium
699 1989 931 2038 neutiquam
969 1990 1101 2038 inops.
1185 1986 1366 2036 Quarum
1413 1987 1537 2023 altera
1579 1989 1742 2037 species

399 2060 687 2112 complectitur
719 2056 1000 2116 frondicolas,
1047 2063 1088 2096 in
1125 2059 1316 2097 arborum
1359 2063 1546 2097 nimirum
1591 2060 1740 2097 herba-

396 2148 536 2172 rumve
574 2133 863 2172 frondosarum
902 2133 1008 2172 foliis
1052 2133 1218 2185 aliisque
1263 2133 1446 2184 partibus
1493 2134 1739 2173 succulentis

398 2207 615 2260 degentes,
648 2221 688 2244 os
716 2208 862 2259 peridii
891 2210 1021 2259 aperti
1050 2210 1089 2244 in
1111 2208 1254 2246 dentes
1278 2208 1492 2246 laciniasve
1517 2207 1741 2260 subaequa—

396 2282 455 2321 les
496 2282 720 2333 regularius
751 2278 896 2336 fissum
930 2292 997 2319 aut
1037 2281 1317 2332 subintegrum
1343 2290 1572 2333 gestantes:
1619 2282 1739 2320 altera

399 2356 596 2402 acicolas,
626 2359 668 2394 in
694 2356 826 2402 foliis,
857 2356 1044 2402 ramulis,
1083 2356 1306 2394 corticibus
1334 2356 1522 2394 arborum
1551 2369 1739 2394 acerosa-

397 2445 485 2468 rum
514 2433 711 2469 resinosis
740 2433 1000 2481 parasiticas‚
1041 2432 1224 2480 margine
1263 2433 1344 2468 oris
1374 2431 1519 2468 hiantis
1551 2431 1738 2481 inaequa-

399 2503 489 2540 liter
515 2518 677 2556 prorsus
707 2504 839 2541 lacero
870 2507 1139 2554 conspicuas,
1171 2517 1300 2555 porro
1323 2517 1583 2555 compressas
1605 2504 1739 2555 utplu-

397 2580 542 2614 rimum
578 2581 835 2629 matricisque
873 2577 1121 2615 substantiae
1156 2580 1287 2616 minus
1326 2581 1550 2616 immersas.
1619 2578 1738 2617 Ulte—

397 2653 480 2690 rius
509 2651 603 2689 dein
630 2652 775 2690 familia
802 2661 971 2704 utraque
1000 2655 1041 2688 in
1069 2653 1283 2690 Sectiones
1311 2651 1411 2691 duas
1438 2654 1609 2699 iterum,
1639 2665 1664 2690 a
1684 2651 1734 2690 cl.

1802 328 1816 344 X
