1928 3051
1449 192 1472 217 ἰύ

1475 181 1523 217 8,

287 295 378 348 594.
423 295 474 332 A.
516 295 561 333 P.
603 297 945 349 aeruginosa.

183 367 423 420 Plerumque
453 371 618 421 epigaea
645 371 684 406 in
714 371 831 407 terris
865 370 1042 407 nostris:
1082 371 1209 408 rarius
1250 370 1417 422 epixyla.
1475 371 1523 408 In

182 441 385 493 sylvaticis
414 444 544 480 mixtis
573 442 778 481 umbrosis
810 442 961 494 ubique
998 442 1107 491 fere,
1148 456 1289 495 sparsa
1327 443 1390 483 vel
1426 444 1523 483 sub-

181 517 374 566 gregaria.
433 516 685 567 Septembri,
723 515 912 554 Octobri.

286 589 377 640 595.
424 590 475 627 A.
516 590 559 627 P.
597 602 843 640 praecox.

180 662 374 713 Exempla
410 662 558 715 majora
597 664 642 701 P.
683 662 789 700 eduli
827 663 934 701 haud
971 664 1074 702 adeo
1117 664 1312 703 absimilia
1346 665 1525 716 desuper

179 746 404 786 apparent:
447 751 468 773 a
499 738 574 788 qua
604 747 738 775 tamen
766 737 986 774 admodum
1020 738 1177 776 diversa
1206 748 1268 777 est
1295 739 1397 776 hacc
1427 753 1524 790 spe-

183 812 278 847 cies.
353 809 484 845 Pileus
527 823 833 862 nonnumquam
883 811 1104 848 umbonem
1142 812 1358 862 quemdam
1402 813 1526 851 habet

180 882 370 920 obtusum
399 882 546 929 latum,
582 883 716 934 paullo
746 883 989 934 profundius
1020 884 1258 923 coloratum.
1317 885 1525 923 Lcmzellae

180 959 314 1008 primo
344 955 537 1007 pallidae,
570 956 733 994 deinum
762 956 886 994 dilute
914 956 1153 996 fusceseunt
1181 958 1244 995 vel
1272 958 1520 1008 olivascunt3

181 1029 659 1081 emarginato—adnexae
697 1029 1022 1077 subdecurrunt,
1066 1031 1268 1068 interdum
1309 1032 1524 1071 subserru-

179 1103 295 1142 latae.
355 1103 486 1154 Stipes
515 1103 678 1150 firmus,
710 1117 834 1155 saepe
862 1105 1015 1144 valiclus
1038 1115 1078 1143 et
1101 1106 1325 1156 elongatus.
1370 1106 1419 1144 In
1436 1120 1525 1144 ver-

181 1180 310 1224 suris,
350 1180 499 1228 pratis,
542 1178 672 1215 hortis
702 1177 895 1229 frequens
926 1181 1076 1229 passim
1104 1182 1305 1226 nascitur,
1347 1181 1421 1218 sed
1448 1184 1525 1218 mi-

179 1265 258 1289 nor
287 1261 328 1288 et
356 1264 517 1302 sparsa:
563 1250 693 1303 major
728 1254 989 1304 gregariaque
1025 1255 1067 1290 in
1104 1255 1257 1291 cortice
1294 1258 1522 1306 vaporario.

178 1324 317 1372 Maio,
348 1326 492 1372 Junio,
528 1325 772 1377 Septembri.

287 1399 377 1451 596.
424 1400 474 1437 A.
518 1401 562 1438 P.
605 1400 821 1438 silacea.

546 1472 625 1522 ββ,
657 1472 803 1511 ebulbis

182 1547 443 1599 Subgregaria
485 1551 689 1586 terrestris
719 1547 781 1585 vel
813 1551 1071 1600 truncigena,
1111 1549 1222 1599 pileo
1261 1562 1436 1587 carnoso
1464 1551 1524 1587 vi·

182 1635 306 1660 scoso
336 1635 357 1659 e
386 1622 493 1659 flavo
524 1621 692 1660 sordide
730 1621 822 1659 ruf0
860 1623 924 1660 vel
962 1622 1310 1668 subolivascente,
1357 1623 1524 1662 lamellis
1569 1655 1572 1659 .

182 1695 459 1735 subdistinctis
497 1697 583 1745 (vix
619 1697 901 1745 virescente-)
943 1699 1115 1734 cinereis
1154 1697 1316 1753 <giemum
1352 1696 1524 1749 ferrugi-

180 1770 465 1817 neo-fuscis,
510 1772 647 1821 stipite
686 1769 837 1820 pallido
875 1772 992 1807 tereti
1031 1770 1137 1819 (nec
1164 1769 1368 1821 bulboso)
1398 1774 1524 1808 corti-

179 1855 291 1883 nato.
352 1845 483 1883 Pileus
515 1844 817 1896 planiusculus,
847 1843 925 1881 bi·
954 1857 986 1882 s.
1019 1845 1249 1883 triuncialis.
1311 1846 1404 1883 Huc
1432 1844 1523 1883 fun—

180 1932 273 1971 gum
310 1919 530 1958 adnectere
569 1922 748 1970 quamvis
789 1918 934 1957 dubios
972 1918 1091 1970 jussit
1126 1917 1298 1956 affinitas
1337 1932 1429 1970 erga
1459 1931 1523 1957 se-

181 2004 375 2047 quentes:
425 1994 667 2046 quibuscum
708 2003 842 2031 tamen
881 2006 962 2045 quo
1007 1996 1140 2031 minus
1189 1991 1520 2043 conjungeretur,

179 2079 342 2120 praeter
379 2069 552 2120 reliquas
591 2078 707 2106 notas
744 2067 994 2119 prohibuere
1033 2080 1155 2117 sapor
1188 2065 1370 2117 odorque
1398 2069 1519 2105 mitis.

184 2143 317 2180 Pulvis
355 2143 554 2181 seminalis
595 2142 761 2180 sordide
798 2141 1065 2193 ferrugineus.
1132 2140 1305 2190 Propria
1337 2139 1522 2179 fortassis

181 2220 320 2268 specie
347 2220 453 2255 inter
485 2216 739 2254 Conium-ias
768 2216 912 2267 dignus
941 2217 1036 2254 satis
1065 2214 1257 2265 frequens
1285 2213 1400 2253 adest
1430 2213 1522 2251 fun—

180 2304 252 2343 gus
281 2294 322 2328 in
351 2291 471 2343 sylvis
499 2293 685 2342 apprime
714 2292 909 2329 acerosis.
967 2281 1080 2339 Sept.
1114 2288 1210 2325 Oct.

283 2365 374 2416 597.
421 2365 471 2403 A.
513 2366 557 2402 P.
598 2364 855 2402 lateritia.

546 2453 585 2484 α,
618 2438 832 2475 communis

181 2512 366 2563 Copiose
404 2516 594 2564 provenit
629 2512 680 2550 ad
719 2522 889 2550 truncos
927 2513 1061 2549 varios
1098 2510 1220 2548 aliave
1247 2508 1352 2560 ligna
1380 2518 1521 2560 putre-

180 2589 356 2635 scentia,
388 2599 571 2635 asseres,
607 2600 728 2639 sepes
757 2586 973 2624 hortorum
1002 2594 1080 2623 etc.
1135 2585 1213 2623 Per
1241 2592 1373 2622 totuin
1401 2592 1517 2620 autu-

178 2672 315 2697 mnuln
324 2689 332 2699 .
