1928 3051
1446 141 1461 149 »a

1440 153 1486 180 ,71

147 260 344 300 diametro
373 267 563 313 superat:
601 259 712 298 unde
750 259 927 298 acieulae
966 261 1209 311 punctoriae
1237 257 1345 311 ligno
1373 259 1489 300 altius

146 335 288 375 infixae
316 335 425 374 haud
451 339 592 386 inepte
619 334 944 386 aequiparandus
968 333 1155 386 Fungillus
1175 343 1317 373 noster
1337 335 1488 387 (quem,

145 412 267 449 icone
296 410 660 461 descriptioneque
690 411 932 461 ceteroquin
968 409 1356 461 congruentissima,
1397 423 1490 447 cum

146 485 314 536 allegato
344 498 469 522 unum
498 483 756 535 eundemque
785 496 877 522 esse
905 483 1002 521 nulli
1033 496 1206 535 prorsus
1235 483 1489 535 dubita-mus)

146 572 299 597 nomen
338 559 412 597 sibi
449 557 589 596 forsan
627 559 668 594 in
706 567 923 608 posterum
953 556 995 595 S.
1024 557 1219 595 Aciculae
1253 557 1487 596 vindicabit.

147 633 433 684 Sphaeriarum
464 634 568 668 enim
597 633 738 683 generi
766 633 971 682 speciem,
1003 632 1213 670 manifesta
1239 645 1331 670 cum
1360 631 1491 684 globi,-

147 705 241 744 feris
279 706 444 757 reliquis
494 704 686 743 affinitate
727 703 1014 756 conjunctam,
1061 706 1341 744 associandam
1382 719 1488 753 esse,

144 793 287 832 parum
317 780 563 818 haesitanter
589 781 931 831 pronunciamus:
969 782 1210 831 praesertim
1241 793 1333 818 cum
1361 790 1491 819 aetate

145 857 380 906 provectior
423 854 610 892 colorem
658 853 767 890 illum
806 855 983 904 griseum
1022 862 1099 891 etc.
1140 854 1491 905 semipellucidum

145 941 167 965 a
194 929 236 967 b.
273 927 381 966 'fode
410 928 662 980 descriptum
692 942 714 965 e
742 930 902 979 generis
932 940 1048 965 more
1078 941 1171 965 cum
1198 930 1315 979 nigro
1338 942 1488 980 opaco,

147 1017 224 1041 nec
253 1003 423 1054 amplius
454 1003 752 1049 translucente‚
784 1011 1014 1053 permutet,
1046 1001 1248 1054 nobisque
1278 1003 1492 1053 pulvisculi

145 1077 309 1130 globum
347 1077 596 1116 obducentis
635 1091 711 1128 per
750 1078 928 1114 examina
964 1079 1140 1127 repetita
1167 1090 1219 1113 ne
1249 1075 1374 1114 hilum
1404 1080 1494 1129 qui-

147 1152 238 1189 dem
270 1153 461 1204 detegere
490 1152 663 1190 licuerit.
726 1151 850 1189 Locis
879 1163 1052 1202 prorsus
1080 1150 1226 1190 iisdem
1255 1163 1348 1188 cum
1376 1161 1492 1190 ante·

148 1226 321 1265 cedente
350 1227 563 1278 aliquoties
591 1226 697 1264 lecta
723 1226 856 1272 Maio,
887 1225 909 1261 J
916 1227 1024 1263 unio.

257 1301 343 1351 146.
390 1302 430 1338 S.
471 1300 909 1352 hemisphaerica
947 1312 1119 1339 uon1s.

149 1374 190 1414 S.
230 1374 396 1427 simplex
429 1371 637 1430 glohifera
675 1388 818 1427 sparsa
863 1374 985 1412 laevis
1022 1374 1210 1427 depressa
1247 1372 1491 1426 hemisphae-

149 1451 236 1486 rica
264 1449 326 1486 vel
354 1449 455 1486 hemi
473 1470 488 1477 ·
507 1449 737 1503 ellipsoidea
767 1451 910 1501 nig7·a‚·
938 1447 1099 1500 globulo
1128 1450 1371 1502 spermatico
1401 1448 1490 1488 albo

147 1521 435 1561 sublivescente.

226 1597 330 1635 Cum
368 1596 410 1635 S.
440 1595 679 1650 parabolica
715 1596 822 1636 hanc
860 1597 1236 1649 conjunxissemus,
1277 1601 1318 1635 ni
1348 1595 1490 1655 forma

146 1670 368 1723 depressa,
399 1672 625 1724 pulvinata,
657 1685 751 1710 mox
770 1672 1098 1724 hemisphaerio,
1129 1686 1224 1711 mox
1245 1673 1388 1712 hemi·
1406 1674 1491 1713 elli-

143 1745 280 1798 psoidi
317 1749 574 1798 propinqua,
620 1749 662 1783 in
699 1747 874 1786 millibus
918 1747 1206 1799 exemplarium
1243 1751 1492 1788 constantis-

146 1823 267 1868 sima,
298 1823 508 1859 vetuisset.
572 1819 760 1858 Globulus
787 1821 1028 1874 plerumque
1050 1823 1269 1862 admodum
1298 1823 1491 1875 regularis

134 1904 365 1947 ¹postquam
392 1895 557 1933 demum
596 1895 772 1944 decidit,
815 1897 979 1948 capsula
1018 1897 1343 1949 hemisphaerica
1371 1912 1488 1949 poro,

142 1967 287 2008 hemi·
305 1969 544 2021 ellipsoidea
572 1969 717 2008 rimula
754 1971 868 2009 recta
899 1970 1106 2023 perforata
1135 1973 1326 2011 distincte
1356 1975 1489 2011 cerni-

144 2053 233 2091 tur;
274 2043 452 2095 scalpelli
482 2054 664 2083 ceterum
692 2048 800 2093 acie,
842 2056 969 2097 prout
1005 2049 1045 2084 in
1075 2046 1190 2085 hisce
1218 2047 1389 2100 fungillis
1419 2060 1488 2086 so-

144 2117 276 2156 lemne
313 2128 401 2166 cst,
440 2120 569 2158 multo
607 2123 756 2158 minor.
797 2143 851 2149 —
886 2120 935 2159 In
961 2121 1070 2173 ligno
1100 2121 1208 2172 Fagi
1237 2122 1488 2160 decorticato

146 2192 361 2231 durissimo
390 2197 485 2232 satis
514 2193 641 2234 dense
671 2208 834 2246 sparsa,
874 2198 916 2232 in
955 2198 1227 2247 quincuncem
1266 2195 1489 2247 subdispo-

146 2270 245 2314 sita3
277 2266 428 2314 semel,
461 2267 534 2306 sed
562 2267 796 2317 abundans,
835 2273 1000 2308 inventa
1028 2265 1306 2326 (Ar-›isdorfer
1333 2270 1488 2321 Berge)

144 2341 290 2392 Aprili.

254 2420 340 2466 147.
387 2417 425 2453 S.
467 2419 673 2456 conica.

148 2490 378 2528 Tomentum
407 2492 708 2541 parolusculum
735 2492 900 2531 lividum
929 2506 1077 2546 saepe,
1109 2493 1184 2533 sed
1204 2506 1286 2532 non
1307 2506 1485 2545 semper,

143 2564 273 2603 adest.
333 2563 582 2617 Sphaerulae
610 2566 852 2619 superficies
887 2569 1286 2620 subruberculosafig
1304 2566 1489 2607 Globulus

145 2642 437 2691 spermaticus,
480 2640 576 2680 dum
604 2655 751 2682 recens
780 2653 867 2689 est.
912 2644 1048 2684 colore
1076 2642 1342 2684 flavovirente
1369 2643 1487 2683 indu-

1516 1308 1554 1339 T.
1576 1308 1673 1339 VIII.
