1928 3051
1423 206 1501 260 273

154 326 299 363 restria
325 325 368 362 in
395 324 599 378 sylvaticis
639 328 816 365 acetosis
856 327 1060 366 muscosis
1087 323 1300 378 (Trebus).
1354 326 1499 366 Medio

154 398 401 450 Septembri.

593 534 1060 566 RSTEREA.

258 617 347 656 808.
390 620 441 658 T.
484 623 782 660 terrestris.

522 709 563 740 α,
592 695 774 745 vulgaris

519 766 566 816 β,
596 766 719 805 dubia

152 839 440 891 Vulgatissima
478 841 629 893 ubique
668 845 850 880 occurrit
879 858 919 890 α,
960 857 1040 882 nee
1077 844 1312 897 infrequens
1348 848 1500 897 passim

152 912 199 963 β,
231 927 334 965 quae
363 917 590 954 certissime
619 929 729 954 mera
759 925 823 955 est
842 917 945 956 illius
967 921 1161 957 varietas:
1191 928 1362 972 utraque
1382 934 1501 972 prae-

153 991 293 1027 sertim
324 988 487 1041 quidem
517 992 704 1042 epigaea‚
735 1000 912 1030 attamen
939 992 1047 1030 haud
1073 1006 1165 1030 raro
1197 996 1318 1031 etiam
1346 995 1502 1046 epixyla

152 1061 204 1101 ad
233 1072 404 1102 truncos
432 1048 763 1115 putridissimos‚
805 1066 963 1117 qualem
1003 1081 1041 1106 v.
1073 1081 1110 1106 c.
1145 1077 1278 1106 totum
1307 1078 1501 1120 quantum

152 1151 286 1190 nuper
325 1135 604 1194 (Arnsdmfer
632 1140 787 1191 Berge)
824 1141 994 1194 utraique
1031 1155 1114 1180 var.
1145 1143 1371 1181 intermixta
1398 1143 1502 1181 vidi-

151 1225 243 1251 mus
272 1222 441 1252 tectum.
499 1214 576 1251 Per
605 1223 734 1251 totum
762 1225 1013 1255 autumnum.

257 1285 349 1338 809.
396 1289 447 1325 T.
490 1287 759 1326 laciniata.

152 1359 300 1400 Affinis
337 1362 608 1400 antecedenti.
665 1363 894 1402 Innascitur
928 1363 1130 1403 radicibus
1164 1364 1357 1404 arborum
1385 1365 1500 1404 fron-

153 1434 345 1474 dosarum
373 1436 610 1486 (Nloholzcr
639 1437 795 1481 Haide,·
830 1436 1222 1483 Maihlumenbusch;
1256 1436 1500 1498 Quizdorfer

156 1509 324 1561 Walsl).
383 1511 616 1562 Septembri
646 1522 685 1550 et
715 1525 832 1565 seqq.

254 1585 345 1623 810.
391 1586 444 1623 T.
485 1585 814 1638 rubiginosa.

149 1658 299 1697 Forma
327 1672 439 1698 nunc
466 1670 678 1711 angustata
706 1661 1058 1709 subsemiconica,
1093 1675 1202 1700 nune
1231 1661 1405 1702 dilatata.
1453 1663 1501 1702 In

150 1732 385 1772 caudicibus
422 1737 589 1773 annosis
626 1738 823 1774 muscosis
862 1739 1067 1788 quercinis
1105 1736 1230 1787 (Seer
1268 1737 1422 1789 Busch)
1461 1748 1501 1777 et

147 1806 316 1860 fagineis
346 1808 646 1861 (Eulenwalcl).
706 1811 937 1859 Autumno,
969 1825 1078 1850 vere.

255 1882 348 1921 811.
396 1884 446 1921 T.
488 1886 681 1936 crispa.

151 1955 310 1995 Crescit
344 1961 386 1994 in
424 1961 545 2006 ramis
583 1962 820 2012 truncisque
857 1961 950 1998 Pini
987 1961 1214 2014 sylvestris,
1255 1960 1328 1999 sed
1356 1975 1499 2014 parum

146 2029 340 2084 frequens
367 2035 410 2070 in
437 2034 670 2085 regionibus
699 2038 852 2074 nostris
875 2036 1103 2086 (stloholzer
1122 2034 1276 2079 Haicle;
1310 2035 1496 2087 Trcinkc).

147 2105 382 2154 Autumno,
418 2121 525 2145 vere.

252 2182 343 2220 312.
390 2183 441 2220 T.
482 2181 806 2235 Ferruginea.

146 2255 213 2292 Ad
242 2255 535 2307 longitudinem
564 2270 688 2309 saepe
728 2261 909 2296 eximiam
945 2260 1067 2297 ramis
1095 2257 1251 2306 infusa,
1292 2271 1412 2298 secus
1439 2258 1498 2297 la·-

148 2339 233 2368 tera
262 2332 451 2382 utrinque
479 2330 639 2369 reflexa.
697 2332 938 2385 Hymeuizcm
964 2335 1077 2385 quasi
1099 2336 1356 2384 pruinatum,
1388 2343 1499 2372 setu-

147 2403 194 2442 lis
224 2403 457 2443 obtectum:
501 2406 618 2444 color
655 2405 740 2458 ejus
782 2406 1011 2453 tabacinus‚
1050 2408 1226 2459 pulveris
1256 2410 1498 2447 Nicotianae

148 2481 436 2517 sternutatorii.
513 2481 681 2518 Nomen
716 2481 810 2518 inde
848 2480 1156 2519 Sowerbeunum
1202 2483 1243 2520 T.
1286 2481 1496 2521 tabacinae

146 2554 281 2604 aptius
310 2553 406 2592 huie
435 2557 536 2601 erit,
567 2559 880 2606 permutationis
911 2571 1004 2596 eum
1036 2557 1214 2595 Corcicio
1236 2553 1494 2614 ferrugineo,

146 2626 249 2665 male
285 2628 567 2681 homonymo,
617 2630 801 2669 vitandae
843 2632 995 2671 caussa.
1067 2632 1218 2671 Ramos
1264 2632 1363 2670 hinc
1401 2632 1498 2671 indo

145 2714 231 2740 non
258 2702 495 2756 infrequens
524 2704 758 2753 (Mohoczer
778 2705 937 2750 Haide,·
969 2705 1367 2751 Schinderleibchen;
1396 2709 1497 2758 etc.)

1391 2796 1443 2836 35
