1928 3051
1455 166 1530 219 537

290 293 403 330 1005.
450 293 492 329 P.
533 290 718 329 lurida.

180 367 341 405 Recens
370 379 417 404 ac
446 365 610 402 humida
640 363 747 401 disco
776 362 910 401 albido
928 385 947 392 -
966 364 1097 401 caesia
1123 362 1187 400 vel
1214 364 1382 410 incana,
1420 377 1529 400 mar·

178 442 274 491 gine
309 438 524 492 subtusque
562 453 608 477 ex
647 439 802 476 ochreo
843 436 1079 476 fuscescens
1116 451 1192 488 per
1229 437 1377 475 lentem
1415 440 1527 489 quasi

180 513 390 565 granulosa
429 514 492 552 vel
527 513 724 559 farinosa‚
773 525 1079 563 nonnumquam
1127 511 1314 550 obsolete
1354 521 1395 549 et
1431 525 1528 564 vage

182 597 366 626 crenata:
410 590 519 626 sicca
558 601 635 638 pro
678 599 793 624 more
833 589 1062 637 specierum
1093 586 1304 623 multarum
1334 599 1528 637 corruga-

182 671 246 699 tur
275 671 316 699 et
345 675 366 699 e
396 661 513 700 Fusco
552 663 722 712 nigricat
758 670 857 698 tota.
932 659 1216 711 Subgregaria,
1262 661 1527 712 subgregato-

181 739 347 783 seriata,
378 737 475 774 acus
505 736 598 772 Pini
627 735 831 787 sylvestris
861 744 902 772 et
931 733 1070 772 Scrobi
1108 734 1287 786 dejectas
1322 744 1526 774 emortuas

180 809 493 848 humidiusculas
537 811 689 860 passim
727 809 786 858 (v.
823 821 857 846 c.
903 806 1206 858 Lehmgruben3
1256 809 1526 862 IVIonplaisir)

183 893 360 935 occupat
388 883 542 933 Aprili,
574 883 703 920 Maio.

289 956 402 995 1006.
449 957 494 993 P.
533 955 662 993 rufa.

549 1044 590 1075 a,
623 1027 788 1081 epi.tyla

547 1101 592 1150 β,
628 1104 798 1154 epigaea

184 1195 224 1227 α,
256 1177 403 1231 capula
431 1177 571 1228 plana,
605 1179 723 1214 etiam
761 1177 1059 1228 subdepressa,
1107 1176 1351 1229 quandoque
1381 1177 1530 1217 substi-

181 1257 328 1305 pitata,
360 1255 401 1289 in
430 1251 540 1302 ligno
569 1261 710 1289 nostro
740 1254 866 1302 pineo
899 1255 1062 1303 passim.
1120 1250 1166 1300 β,
1198 1251 1249 1289 ad
1278 1261 1422 1290 terram
1453 1252 1529 1291 hu-

181 1337 360 1366 mentem
380 1329 544 1378 parcior
565 1321 842 1382 (Anstaltshof
853 1341 862 1372 3
895 1324 1143 1376 Polshruch).
1178 1327 1360 1379 Utraque
1379 1329 1531 1366 aestiva

183 1412 224 1440 et
251 1400 504 1439 autumnalis.

291 1489 404 1527 1007.
451 1476 508 1514 P.-
537 1474 834 1526 granulosa.

548 1563 588 1594 α,
620 1549 834 1586 communis

545 1621 624 1671 ββ,
655 1622 832 1675 leporum

181 1700 275 1737 Var.
308 1713 349 1745 α,
379 1697 429 1736 ab
458 1700 574 1735 initio
613 1711 817 1742 concava,
855 1697 1017 1734 demum
1056 1697 1199 1748 plana:
1240 1706 1352 1735 extus
1390 1696 1527 1735 subci-

180 1772 597 1825 nereo-granulosa‚
649 1773 758 1810 intus
795 1772 898 1810 lacte
933 1771 1055 1809 rubra
1089 1792 1144 1800 -—
1180 1771 1339 1809 abunde
1379 1772 1528 1823 ubique

180 1849 265 1886 fere
294 1847 435 1885 fimum
464 1848 672 1884 vaccinum
702 1856 902 1897 occupat,
933 1846 1062 1884 rarius
1088 1846 1175 1884 solo
1196 1846 1308 1883 nudo
1329 1848 1529 1897 pinguiori

182 1924 243 1973 (e.
275 1936 313 1974 g.
347 1921 660 1972 Heinrichsruh)
689 1923 925 1959 innascitur.
973 1918 1053 1968 ββ,
1076 1922 1245 1971 opacius
1266 1920 1410 1967 rubra,
1443 1933 1531 1958 sor-

182 1997 279 2035 dide
316 2009 643 2048 purpuwscens,
697 1995 977 2047 substipitata,
1024 1997 1293 2046 persistenter
1333 2008 1526 2041 concava,

182 2071 327 2111 subtus
366 2084 514 2122 rugosa
557 2079 597 2108 at
633 2072 695 2107 vix
731 2069 942 2121 granulosa
978 2091 1031 2097 —-
1066 2072 1108 2105 in
1136 2079 1321 2107 stercore
1351 2069 1528 2119 leporino

182 2146 277 2185 hinc
305 2145 401 2183 inde
431 2146 495 2195 (v.
528 2158 564 2182 c.
597 2142 754 2186 Haide,·
789 2138 1097 2196 leiemendorf)
1127 2142 1289 2180 crescit.
1347 2143 1528 2194 Utraque

183 2223 366 2274 apprime
395 2229 612 2257 autumno:
642 2227 682 2255 at
711 2227 752 2254 et
780 2216 949 2268 hyeme,
981 2230 1092 2254 vere.

293 2293 405 2332 1008.
453 2294 497 2330 P.
541 2291 836 2330 confluens.

183 2369 327 2407 Varlat
355 2368 488 2406 colore
513 2369 696 2405 aurantio
727 2379 775 2403 ac
804 2365 905 2403 laete
944 2364 1081 2402 luteo:
1116 2359 1259 2420 form&
1287 2364 1528 2402 convexius-

184 2444 298 2489 culfi,
350 2443 494 2495 plana,
544 2440 816 2480 subconcava.
889 2438 1023 2491 Stipes
1057 2439 1120 2477 vel
1157 2451 1328 2489 prorsus
1378 2438 1525 2485 nullus,

181 2518 246 2556 vel
274 2521 478 2556 n‘iinimus.
552 2517 782 2554 Tomentum
811 2513 987 2552 albidum
1015 2527 1095 2552 non
1125 2526 1289 2565 semper
1316 2526 1526 2565 praesens.

183 2592 541 2631 Abundantissima
571 2605 692 2642 saepe
722 2588 964 2626 carbonaria
993 2591 1174 2641 inprimis
1203 2590 1381 2626 recentia
1408 2576 1467 2636 ('v.
1494 2600 1527 2626 ο.

185 2666 407 2719 Βιιάειωεὸς
459 2666 639 2717 Trcinke)
684 2665 868 2704 infestat:
917 2667 1096 2703 minores
1144 2662 1263 2702 nidos
1298 2663 1340 2699 in
1377 2661 1525 2698 truncis

1425 2751 1478 2801 43
