1928 3051
386 211 456 252 155

382 332 463 376 xis,
499 331 633 382 primo
661 325 989 374 violmcenfibus,
1029 326 1121 364 dein
1149 340 1197 364 ea:
1225 324 1366 365 ochra
1395 327 1556 366 sordide
1583 330 1718 366 cinnu-

380 404 561 447 momcis,·
599 405 733 455 stipite
771 403 886 440 tereti
921 413 1070 439 sursum
1101 400 1204 438 laevi
1231 399 1717 450 albida-coerulescente,

381 478 560 515 deorsum
591 477 845 514 transversim
875 476 1102 526 nigricante
1117 496 1133 504 -
1150 488 1368 530 squamoso.

486 551 680 589 Color-uin
709 550 951 602 habitusque
980 563 1074 602 erga
1102 548 1399 601 praecedentes
1419 552 1608 602 cognatio
1634 563 1720 589 ma-

379 625 523 663 nifesta
575 625 734 663 huncce
774 625 909 662 locum
947 627 1123 676 assignat
1169 627 1325 675 speciei
1377 624 1719 671 distinctissimae,

381 700 513 737 annuli
551 701 788 752 ceteroquin
827 698 1061 737 rudimento
1089 712 1138 737 ac
1167 701 1457 750 squamositate
1493 698 1556 736 illa
1589 701 1723 750 singu-

381 773 452 811 lari
491 772 591 811 infra
625 774 814 812 annulum
851 773 1078 811 transversa
1114 772 1165 810 ad
1196 772 1416 825 Lepiotas,
1445 785 1574 824 acque
1603 784 1723 823 pror-

383 860 451 886 sus
490 861 537 886 ac
578 847 621 886 C.
662 848 841 885 collinita
882 857 923 885 et
961 845 1004 886 C.
1046 846 1249 884 Bulliardi
1293 845 1372 895 ββ,
1411 857 1574 892 nostra,
1621 859 1722 897 pro-

382 924 485 960 xime
513 922 741 960 accedenti.
799 920 933 960 Pilens
965 935 980 959 1
999 934 1091 958 -2
1120 934 1214 959 unc.
1243 921 1370 968 latus,
1400 921 1606 973 regularis,
1637 932 1724 957 car-

381 1008 529 1042 nosus,
581 996 807 1047 insipidus:
853 1009 1042 1050 squamae
1089 995 1176 1047 ejus
1221 998 1451 1047 stipitisque
1491 995 1720 1046 spadiceae,

382 1073 638 1121 nigricantes.
707 1069 840 1121 Stipes
868 1070 1134 1122 cylindricus,
1181 1072 1245 1106 vix
1272 1067 1491 1114 bulbosus,
1532 1070 1723 1105 triuncia-

384 1143 431 1182 lis
470 1143 581 1191 fere,
633 1139 704 1197 3s4
740 1144 865 1182 lineas
911 1156 1094 1189 crassus,
1146 1142 1221 1181 sub
1260 1142 1408 1180 annulo
1455 1141 1725 1193 irregulariter

385 1221 499 1269 quasi
535 1220 691 1256 rimoso
717 1239 735 1246 -
761 1230 1017 1270 squamosus.
1102 1216 1234 1253 Semel
1272 1216 1471 1267 epixylum
1513 1215 1725 1254 habuimus

381 1290 548 1342 fungum
584 1294 625 1328 in
661 1301 808 1329 trunco
844 1291 960 1329 alneo
998 1290 1100 1329 locis
1137 1289 1451 1329 umbrosissiinis
1487 1289 1724 1339 (Moholzer

383 1363 567 1415 Haide):
612 1365 865 1403 crebriorem
904 1374 1139 1402 terrestrem
1179 1367 1220 1401 in
1259 1363 1450 1403 betuletis
1488 1367 1725 1417 graininosis

383 1438 495 1478 elatis
533 1438 787 1489 (Solzlander
827 1437 909 1476 und
940 1434 1195 1494 Artisdorfer
1234 1439 1405 1492 Berge).
1477 1440 1590 1491 Sept.
1623 1439 1719 1477 Oct.

486 1518 579 1563 442.
626 1515 677 1552 A.
717 1514 762 1552 C.
801 1513 1234 1552 rufo-olivacea.

387 1586 518 1624 Pileus
562 1588 824 1639 utplurimum
874 1597 1012 1626 exacte
1054 1587 1192 1633 rusus;
1239 1600 1545 1639 nonnumquam
1590 1596 1725 1625 tamen

386 1663 504 1699 etiam
544 1661 870 1708 subolivaseens‚
921 1672 990 1699 aut
1028 1662 1248 1713 expallidus
1276 1665 1316 1699 in
1345 1665 1602 1700 stramineum
1635 1673 1726 1698 ver-

384 1749 500 1788 gens.
570 1735 703 1787 Stipes
736 1738 777 1772 in
816 1735 1132 1786 perfectioribus
1171 1749 1330 1775 sursum
1367 1735 1539 1786 pulchre
1579 1747 1725 1772 coeru-

385 1810 515 1848 lescit.
580 1809 867 1861 Vulgatissima
906 1812 1092 1861 species,
1144 1813 1185 1847 in
1220 1812 1382 1848 ericetis
1414 1822 1462 1847 ac
1490 1810 1723 1860 plnastretis

384 1882 534 1935 ubique
561 1886 696 1922 nimia.
755 1885 832 1922 Per
861 1893 992 1922 totuin
1019 1894 1269 1923 autumnum.
1391 1882 1394 1883 ⁷

489 1957 580 2007 443.
625 1958 676 1996 A.
718 1958 767 1996 C.
810 1969 1077 2009 conopus.

386 2031 560 2083 Ingens,
599 2031 752 2078 valida,
796 2035 996 2084 speciosa.
1074 2030 1209 2083 Sapor
1242 2034 1307 2069 vix
1346 2030 1462 2070 ullus.
1520 2030 1725 2083 Sylvarum

385 2107 570 2156 apprime
599 2105 856 2158 abiegnarum
883 2115 988 2143 amat
1015 2105 1237 2157 penetralia
1265 2105 1479 2152 umbrosa,
1522 2119 1624 2158 quae
1654 2118 1724 2143 co-

387 2182 505 2230 piose
533 2179 676 2217 incolit
703 2180 934 2232 Septembri
962 2190 1003 2218 et
1032 2179 1217 2218 Octobri.

764 2308 809 2357 c)
862 2303 1343 2344 Albicantes.

490 2406 582 2452 444.
626 2403 678 2440 A.
719 2402 767 2440 C.
806 2402 1236 2441 albo-violacea.

391 2474 522 2512 Pileus
565 2479 701 2527 primo
749 2475 873 2514 dilute
909 2490 958 2514 ac
992 2476 1195 2529 eleganter
1241 2475 1434 2515 coeruleo
1459 2498 1479 2505 -
1503 2475 1722 2522 violaceus.

385 2559 534 2600 postea
570 2550 845 2600 expallescens
883 2560 1097 2603 argenteus
1138 2550 1283 2590 evadit.
1360 2550 1535 2588 Umbras
1575 2561 1725 2600 opacas

389 2632 588 2669 sectatur,
637 2624 712 2662 sub
760 2625 890 2663 dumis
928 2624 1134 2664 frondosis
1178 2627 1282 2662 inter
1318 2623 1412 2662 folia
1448 2626 1727 2674 ‘putrescentia

388 2700 539 2749 passim
568 2700 741 2749 copiose
770 2712 1017 2745 occurrens,
1051 2698 1216 2752 reliquis
1245 2696 1580 2749 contemporalis.
