1928 3051
1504 186 1528 223 9

183 291 224 324 in
252 286 466 326 manifeste
496 287 657 325 astomis
693 286 976 325 difficillimum
1006 291 1056 327 sit
1085 289 1322 341 explicatu).
1383 289 1529 328 Crusta

183 365 420 400 tenuissima
446 365 582 413 nigra,
614 364 676 399 vix
704 372 858 399 stroma
888 362 1082 409 dicenda,
1115 373 1297 401 tomento
1320 363 1388 400 illo
1411 364 1529 402 viridi

186 436 246 473 vel
281 447 412 483 tecta,
455 436 516 474 vel
552 450 599 474 ex
633 450 684 474 eo
721 439 815 487 ipso
853 436 997 475 subtus
1034 440 1294 488 nigrescente
1324 437 1525 475 conflata:

183 510 233 547 ad
277 514 504 548 sectionem
556 519 796 562 sequentem
839 514 1065 561 pertineret
1102 514 1265 562 species
1302 522 1529 549 memoratu

183 583 326 635 digna,
357 587 399 621 ni
426 583 598 622 affinitas
629 584 823 635 quaedam
853 584 1043 622 naturalis
1073 598 1166 622 cum
1195 584 1238 622 S.
1262 586 1408 622 cim-inst
1431 589 1531 625 eius-

183 670 261 708 que
300 660 484 709 cognatis
518 658 613 694 inde
651 670 737 694 eam
776 670 915 694 arcere
959 658 1175 695 videretur.
1240 659 1288 695 In
1324 663 1528 699 muscosis

182 730 386 768 umbrosis
440 730 636 781 abiegnis.
726 730 910 768 Sterilem
962 732 1172 782 aliquoties
1222 733 1527 773 observavimus

180 804 387 854 Augusto:
418 803 592 841 fertilem
621 815 791 842 exeunte
821 805 1066 855 Septembri.

285 882 349 927 24.
398 879 437 914 S.
478 881 713 916 insitiva.

180 950 292 989 Inter
320 951 537 988 hortorum
558 951 849 1003 rejectamenta
871 954 913 989 in
937 955 1149 991 sarmentis
1174 952 1271 990 Vitis
1293 953 1527 1006 jamdudum

181 1028 375 1063 emortuis
406 1039 480 1076 per
511 1035 638 1063 totum
667 1039 816 1063 annum
844 1029 1077 1077 neutiquam
1106 1040 1217 1064 rara:
1266 1028 1339 1066 sed
1374 1030 1524 1078 senilis,

179 1099 264 1137 velo
296 1099 552 1147 oblitterato,
585 1110 776 1136 stromate
805 1100 921 1138 simul
948 1099 1235 1148 fuscescente‚
1267 1115 1344 1140 nec
1374 1105 1528 1154 integra

178 1186 257 1211 nec
286 1177 492 1224 perscissa
518 1177 561 1210 in
590 1175 732 1213 oculos
762 1174 876 1213 valde
914 1178 1095 1212 incurrit.
1160 1176 1284 1213 [aete
1323 1179 1525 1228 mgentem

179 1247 391 1285 habuimus
420 1249 440 1283 J
447 1251 558 1286 unio.

285 1321 347 1359 25.
395 1323 434 1359 S.
473 1335 710 1373 serpens.

547 1410 587 1443 oc,
622 1394 753 1451 efficsa

546 1469 592 1518 β,
625 1469 914 1508 [ambr-imma.

523 1557 614 1595 ἠγ,
648 1543 833 1581 ebulliens

181 1630 221 1664 α,
254 1620 293 1653 in
325 1619 479 1655 truncis
519 1617 688 1669 lignisve
723 1621 846 1656 siccis
884 1616 1073 1669 arborum
1101 1616 1392 1657 frondosarum
1418 1619 1526 1658 haud

179 1690 437 1743 infrequens,
468 1690 582 1729 fibris
612 1692 753 1744 ligneis
784 1692 1030 1743 quandoque
1058 1694 1292 1730 intertexta:
1321 1691 1367 1741 ,6,
1391 1707 1528 1732 caver·

178 1765 361 1802 nularum
389 1768 493 1803 intra
523 1766 673 1803 Salices
703 1780 819 1805 cavas
849 1779 1010 1813 amans,
1062 1766 1113 1804 ad
1142 1766 1410 1817 spithainam,
1443 1771 1524 1806 imo

178 1839 343 1890 pedem,
375 1853 682 1891 nonnumquam
703 1841 912 1892 elongata:
944 1854 1013 1892 ‘W’
1038 1844 1182 1887 rarior,
1214 1839 1354 1886 effusa,
1387 1842 1528 1892 sphae-

178 1914 274 1952 rulis
302 1914 506 1952 nonnullis
534 1917 575 1951 in
605 1914 730 1953 bullas
759 1915 907 1953 inflatis
947 1917 1137 1967 insignis,
1177 1914 1318 1952 itidem
1346 1918 1388 1952 in
1415 1916 1523 1967 ligno

179 1988 281 2026 duro
310 1991 511 2026 estCCato
541 1988 673 2026 obvia.
703 2011 756 2019 —
783 1991 917 2035 Vere,
950 2000 1160 2027 autumno.

285 2061 347 2100 26.
396 2064 436 2099 S.
476 2063 738 2100 undulata.

181 2136 284 2174 Cum
312 2136 610 2188 praecedente,
641 2140 789 2175 rarior:
820 2150 871 2174 an
899 2137 1027 2188 specie
1057 2137 1369 2188 distinguenda?
1398 2138 1519 2175 Mart.

179 2210 278 2261 Apr.

283 2297 347 2335 27.
394 2286 433 2322 S.
476 2286 681 2336 Stigma.

544 2373 584 2404 oc,
615 2357 798 2408 vulgaris

179 2432 304 2470 Color
331 2432 602 2483 primordialis
633 2442 745 2469 extus
774 2435 964 2484 intusque
1004 2431 1186 2478 albidus,
1232 2432 1412 2483 pallens:
1456 2446 1522 2472 su·

178 2506 370 2557 perficies
390 2506 497 2544 ‘dein
528 2509 765 2551 cinerascit,
806 2506 868 2543 vel
908 2507 1109 2544 interdum
1140 2510 1259 2543 etiam
1287 2510 1329 2543 in
1357 2507 1525 2559 ferrugi-

178 2594 300 2618 neum
328 2583 457 2632 vergit
494 2602 548 2609 -
582 2581 690 2618 unde
720 2594 795 2632 per
824 2579 982 2619 fuscum
1013 2581 1196 2618 colorem
1227 2583 1368 2619 transit
1395 2584 1437 2618 in
1465 2585 1524 2618 ni-

177 2668 306 2706 grum.
366 2656 442 2693 Est
470 2669 491 2693 e
521 2655 826 2707 vulgatissimis,
858 2668 990 2692 ramos
1020 2654 1210 2692 arborum
1234 2654 1522 2699 ,frondosarmn

1449 2759 1470 2783 2.
