1928 3051
344 220 389 261 X

348 366 446 396 tem
484 361 702 410 receptas
741 351 864 394 aliae
905 366 1104 411 quoque
1140 351 1273 395 haud
1307 366 1488 410 paucae
1511 352 1680 396 etiam-

345 456 467 484 num
507 440 794 501 ambiguae,
843 439 1061 483 necdum
1111 438 1308 483 affatim
1350 441 1681 486 examinatae:

345 546 556 589 quarum
584 540 751 572 tamen
773 528 993 588 potiores
1016 543 1149 588 pone
1173 544 1349 589 genera
1375 544 1463 574 sua
1491 529 1684 575 succin-

345 630 424 663 cto
453 634 682 662 sermone
716 633 1107 662 commemorare
1155 634 1270 662 eum
1302 618 1589 679 praesertim
1627 619 1681 663 in

346 707 501 751 finem
533 707 875 762 instituimus,
926 719 982 750 ut
1016 707 1243 752 ulteriori
1277 724 1440 753 earum
1477 708 1684 753 investi-

343 797 535 858 gationi
559 797 652 840 iter
675 796 989 856 aliquatenus
1015 797 1327 856 panderetur.
1380 801 1553 858 Neque
1577 814 1683 858 par·

345 886 528 930 ciorem
570 885 869 930 varietatum
917 886 967 930 in
1017 887 1067 930 ea
1102 886 1390 946 praeprimis
1431 886 1681 948 vegetabi-

344 975 470 1019 lium
495 976 675 1031 classe,
716 992 865 1035 quam
893 987 1100 1020 naturae
1129 976 1325 1021 lusibus
1351 977 1503 1038 longe
1528 976 1681 1020 licen·

342 1063 550 1109 tissimis
590 1076 754 1124 patere
789 1065 920 1109 inter
961 1081 1135 1111 omnes
1175 1077 1449 1122 constaret,
1512 1081 1681 1110 curam

341 1154 611 1216 gerendam
653 1155 914 1199 duximus:
968 1171 992 1199 e
1034 1155 1216 1215 quibus
1259 1171 1421 1200 novas
1465 1167 1679 1210 nostras,

341 1259 441 1304 quo
476 1243 676 1288 facilius
702 1259 725 1287 a
748 1243 926 1303 priscis
963 1255 1336 1289 antecessorum
1373 1245 1518 1305 opera
1551 1245 1681 1289 dete-

342 1332 433 1377 ctis
471 1333 925 1394 distinguerentur,
973 1333 1133 1377 literis
1183 1333 1368 1396 graecis
1411 1333 1679 1393 duplicatis

341 1421 602 1483 designare
632 1421 836 1482 placuit.
911 1425 1098 1467 Totum
1131 1422 1348 1483 denique
1381 1422 1570 1468 librum
1597 1440 1677 1468 an-

339 1511 708 1556 notatiunculis
758 1511 1193 1572 qualibuscunque
1227 1530 1251 1557 e
1291 1525 1495 1557 naturae
1529 1513 1675 1558 vivae

340 1600 688 1645 observatione
724 1601 953 1646 oriundis
990 1612 1134 1661 atque
1169 1603 1227 1646 ad
1256 1601 1534 1647 uberiorem
1563 1601 1675 1647 fun-

338 1705 519 1750 gorum
543 1690 780 1735 notitiam
805 1690 1174 1750 pertinentibus
1203 1707 1528 1753 conspergere
1555 1703 1673 1737 sate-

339 1778 519 1840 gimus.
601 1779 775 1825 Paucis
808 1781 988 1824 horum
1039 1779 1093 1824 in
1129 1783 1329 1843 Synopsi
1362 1797 1469 1826 non
1508 1781 1672 1827 obviis

337 1868 666 1913 inventorum
693 1869 903 1913 nomina
930 1868 1115 1926 adjecta
1146 1871 1480 1929 reperientur:
1519 1871 1672 1933 longe

334 1957 541 2017 plurimi
569 1974 591 2001 a
619 1959 677 2002 cl.
705 1961 952 2002 I’crsoonio
987 1959 1169 2019 recepti
1201 1960 1327 2004 locis
1355 1960 1458 2004 suis
1488 1960 1671 2021 absque

334 2046 442 2090 ullo
493 2047 837 2092 additamento
883 2047 1114 2108 dispositi
1149 2060 1281 2094 sunt.
1372 2054 1508 2094 Inter
1545 2066 1671 2110 quos

333 2136 577 2180 nonnulli
615 2149 888 2181 occurrunt
934 2139 1175 2183 hactenus
1223 2138 1432 2195 exotici,
1481 2140 1670 2202 anglici,

331 2225 517 2286 gallici,
556 2227 681 2271 itali.-
727 2228 894 2287 plures
929 2226 1357 2291 rizeklerzburgerzses
1390 2239 1671 2273 memoratu

334 2313 503 2375 digni,
540 2316 849 2379 Epiclzysium
873 2328 1175 2379 argenteum,
1214 2317 1578 2381 Claeorclostylum
1597 2334 1670 2362 ca-

331 2403 521 2462 pillare,
579 2404 830 2465 Splzaeriae
873 2406 1036 2451 variae
1084 2418 1201 2452 etc.:
1263 2423 1316 2451 ac
1360 2407 1667 2469 insigniores

331 2492 620 2549 praesertim
656 2489 954 2550 cai-inchiaci,
1003 2497 1293 2540 Germaniae
1330 2500 1416 2553 (ut
1439 2495 1667 2552 videtur)

333 2581 638 2626 australioris
665 2594 711 2626 et
737 2584 996 2629 orientalis
1027 2595 1318 2640 sectatores,
1355 2600 1401 2628 v.
1428 2600 1466 2628 c.
1494 2585 1663 2628 clava-

332 2670 400 2712 ria
424 2672 601 2730 crispa,
640 2673 876 2734 Iisydmcm
905 2674 1199 2729 suaveolens,
1237 2676 1399 2718 Peziza
1427 2673 1665 2737 Nigrella,
