1928 3051
441 184 462 193 r·-

439 198 513 222 :102

441 305 560 352 pinea
588 303 690 352 (nec
719 302 818 352 ulia)
846 303 994 352 passim
1024 301 1087 350 (v.
1120 313 1154 338 c.
1178 301 1434 353 Holzplcitze,·
1465 301 1778 354 Sclz6pswiesetz;

442 375 739 426 Basalthie'gel).
796 375 1028 422 Autumno,
1058 374 1228 426 hyeme,
1262 388 1371 415 vere.

542 463 632 501 901.
679 451 728 487 Τ.
766 448 1001 487 candida.

803 538 843 568 α,
875 521 1095 559 rotundatu.

803 596 882 645 ββ,
915 613 933 633 e
950 592 1049 651 fusa

439 671 600 708 Recens
631 670 717 708 alba
735 700 744 717 ‚
784 685 860 722 per
888 673 1201 709 exsiccationem
1233 684 1255 708 e
1284 670 1424 722 glauco
1453 673 1665 723 nigrescit:
1706 671 1786 710 hu-

437 754 611 783 mectata
641 745 776 783 denuo
805 745 852 782 fit
879 745 977 783 alba.
1035 745 1186 783 Passim
1216 745 1267 782 ad
1295 745 1399 796 ligna
1442 744 1606 782 duriora
1645 746 1708 795 (v.
1742 759 1779 784 c.

444 817 662 870 Obscberg,·
693 817 996 870 Lehmgruben)
1038 819 1193 871 hyeme.
1248 817 1329 867 ββ,
1361 817 1493 868 3-4
1521 832 1614 857 unc.
1647 819 1781 872 longa,

441 899 464 944 ᾗ
491 892 568 932 lata
597 904 637 933 et
665 907 823 942 crassa,
853 897 894 932 in
916 896 1068 932 truncis
1091 889 1275 949 fagineis
1304 892 1584 943 (Eulenwald)
1614 894 1780 932 Martio.

802 1019 853 1071 b)
908 1020 1419 1072 Applatzattzc.

546 1128 635 1167 902.
683 1117 735 1154 T.
775 1116 1063 1167 spiculosa.

808 1205 848 1237 α,
882 1191 1001 1239 nigra

842 1292 851 1309 ,
881 1263 1031 1314 glauca

806 1350 877 1389 ΎὙ,
908 1337 1145 1374 saccharina

441 1411 490 1449 In
528 1426 569 1456 a,
608 1410 713 1463 ligna
756 1412 865 1449 varia
913 1414 1087 1463 copiose
1133 1410 1283 1463 ubique
1332 1411 1562 1457 incolente,
1610 1408 1786 1463 papillas

442 1486 656 1538 aliquando
705 1485 901 1538 (hyemali
952 1487 1161 1537 tempore)
1206 1485 1378 1537 globulis
1424 1485 1524 1523 albis
1570 1495 1785 1525 coronatas

443 1560 764 1599 observavimus.
821 1560 944 1611 Yiget
981 1560 1081 1598 haec
1111 1569 1305 1597 autumno
1336 1570 1375 1596 et
1404 1559 1576 1612 hyeme:
1623 1559 1669 1607 β,
1699 1573 1786 1598 ver-

440 1634 540 1673 nalis
570 1634 688 1673 nobis
717 1634 843 1680 lecta,
874 1634 1034 1686 glauca,
1066 1634 1211 1685 pruina
1242 1634 1475 1672 tomentosfi
1503 1633 1632 1672 albida
1662 1644 1783 1682 tecta,

441 1711 483 1746 in
532 1708 684 1760 Populo
731 1708 902 1745 tremum
946 1708 1178 1758 (DIoholzer
1228 1707 1384 1757 Haide)
1429 1711 1596 1746 ineunte
1637 1709 1783 1760 Aprili.

442 1787 539 1821 Var.
579 1797 649 1835 7¹7,
689 1786 874 1834 congruit
911 1796 1002 1821 cum
1044 1797 1083 1827 a,
1114 1782 1279 1834 papillis
1307 1782 1455 1821 obtuse
1484 1784 1663 1821 conicis:
1714 1782 1788 1822 sed

444 1856 580 1894 differt
601 1853 742 1911 forma
766 1859 995 1903 crassiore,
1027 1852 1242 1911 superficie
1269 1860 1393 1909 magis
1416 1858 1569 1908 plicato
1587 1880 1607 1886 -
1623 1858 1784 1909 gyros&

445 1931 576 1968 colore
603 1941 839 1969 constanter
876 1941 916 1967 et
952 1933 1220 1981 persistenter
1256 1931 1422 1969 sordide
1452 1930 1561 1969 fulvo
1591 1932 1784 1983 semipel-

444 2006 628 2052 lucente,
677 2005 866 2043 Sacchari
904 2005 1155 2056 crystallizati
1197 2004 1400 2054 (Ζη-αιιηση
1441 2004 1787 2057 Handelzuckers)

446 2083 624 2132 speciem
654 2079 901 2131 praebente,
944 2079 1029 2116 loco
1068 2079 1187 2117 natali
1224 2079 1275 2116 ad
1310 2079 1414 2131 ligna
1441 2092 1557 2118 caesa
1586 2080 1678 2116 Pini
1706 2079 1787 2133 syl·

446 2156 597 2192 vestris.
655 2157 763 2192 Num
792 2156 925 2206 itaque
953 2156 1122 2206 propria
1151 2153 1338 2205 species?
1396 2154 1608 2206 Frequens
1636 2153 1788 2207 ubique

444 2229 529 2268 Fere
558 2239 775 2275 autunum,
810 2229 972 2280 hyeme.
1082 2232 1085 2233 ’

547 2303 638 2355 903.
685 2305 736 2341 T.
774 2302 1026 2341 Auricula
1063 2302 1246 2342 Judae.

809 2392 880 2429 w,
909 2378 1029 2430 pisya

444 2453 616 2491 Diversa
644 2452 781 2491 forsan
809 2461 850 2489 et
878 2451 978 2489 haec
1008 2454 1192 2503 species:
1237 2451 1290 2490 ob
1329 2451 1489 2491 colores
1528 2454 1786 2504 potissimum

445 2526 525 2564 huc
575 2530 778 2578 apposita.
863 2527 909 2563 Bi
938 2549 957 2554 -
997 2540 1030 2564 s.
1074 2526 1284 2564 trilinearis
1322 2527 1612 2575 crassiuseula,
1663 2540 1787 2578 supra

446 2600 563 2651 plana
603 2603 738 2652 nigra,
787 2600 930 2639 subtus
973 2613 1126 2652 rugoso
1153 2623 1172 2630 -
1200 2600 1423 2652 subplicata
1461 2601 1565 2638 laete
1593 2601 1783 2639 olivacea.

446 2674 638 2726 Exempla
666 2675 819 2727 aliquot
846 2684 955 2714 arcte
984 2684 1195 2727 congesta.
1253 2675 1399 2713 Rarior
1429 2677 1611 2713 occurrit
1645 2676 1687 2712 in
1721 2688 1786 2714 ra-
