1928 3051
1398 207 1449 258 59

216 330 301 377 114.
348 329 388 365 S.
427 326 778 378 spermoides.

105 399 179 438 Est
207 414 230 438 e
257 401 544 453 vulgatioribus
561 430 570 448 ,
615 401 718 452 ligna
745 402 852 440 varia
880 402 989 440 sicca
1016 401 1225 449 incolens3
1274 401 1447 438 vernalis

105 484 147 511 et
172 475 426 514 autumnalis.

214 550 300 591 115.
348 551 388 588 S.
427 549 730 587 Bombarda.

105 623 221 660 Sicca
243 627 427 674 opacior,
458 626 684 675 nigricans:
716 614 948 661 liumectata
973 637 994 662 e
1018 624 1140 662 badio
1164 623 1298 670 fusca,
1330 625 1448 675 apice

105 708 228 747 saepe
258 697 458 735 dilutiore.
513 696 655 734 ostioli
674 697 822 747 papilla
850 700 962 748 nigra
989 698 1250 735 acutiuscula.
1293 696 1447 750 Sphae-

106 770 216 806 rulae
243 770 369 807 farina
398 771 468 808 sua
497 771 717 821 pleraeque
755 783 927 821 prorsus
963 781 1231 809 evacuantur:
1273 774 1313 808 in
1342 784 1449 808 non-

103 843 221 881 nullis
251 854 384 881 tamen
415 844 568 894 (iisque
596 842 808 881 manifeste
839 844 1002 882 exoletis
1020 873 1028 889 ,
1059 858 1158 895 prae
1189 847 1304 883 senio
1327 845 1451 882 deor-

104 931 191 956 sum
221 919 405 968 inprimis
435 916 550 954 valde
581 921 831 969 corrugatis,
877 931 955 956 nec
984 920 1024 955 in
1052 918 1153 970 aqua
1181 918 1352 969 amplius
1381 932 1448 956 re-

103 991 414 1042 viviscentibus)
443 1001 600 1042 partem
631 995 718 1030 eius
746 991 972 1038 residuam,
1004 991 1165 1029 filorum
1194 995 1236 1029 in
1265 995 1449 1043 speclem

104 1075 360 1112 contortam,
403 1064 664 1104 offendimus.
722 1066 914 1118 Epixyla,
950 1069 991 1104 in
1019 1066 1227 1104 acervulos
1259 1066 1444 1112 collecta,

102 1142 228 1177 rarior
255 1142 297 1177 in
324 1139 559 1191 regionibus
597 1143 746 1179 nostris
785 1140 1021 1190 (Molzolzer
1049 1139 1223 1191 Haicle).
1280 1141 1442 1183 Martio,

103 1214 246 1266 Aprili.

212 1286 297 1325 116.
345 1289 385 1326 S.
424 1288 727 1327 artocreas.

468 1360 548 1410 ββ,
580 1361 813 1399 umbilicata

100 1436 208 1473 Plio&
247 1436 424 1473 annulari
464 1439 505 1473 in
532 1436 670 1474 medio
701 1435 786 1474 fere
815 1435 981 1488 fungillo
1011 1435 1268 1487 proutinulzi,
1314 1436 1445 1476 forma

100 1509 322 1560 pulvinata,
365 1512 598 1561 exiguitate,
632 1513 709 1548 situ
739 1510 949 1562 epiphyllo
980 1521 1060 1548 etc.
1094 1525 1186 1549 cum
1217 1526 1258 1557 α,
1291 1525 1445 1549 conve—

100 1586 159 1619 nit
185 1593 350 1621 nostra:
382 1584 456 1622 sed
485 1587 587 1620 intra
614 1584 803 1621 annulum
834 1595 1096 1631 constanter,
1127 1585 1289 1623 humida
1317 1599 1444 1637 aeque

98 1668 146 1694 ac
175 1659 282 1695 sicca
298 1686 306 1702 ,
339 1657 538 1708 depresso
555 1680 574 1685 —
593 1671 776 1695 concava
804 1658 1035 1696 umbilicum
1060 1659 1281 1697 centralem
1304 1670 1444 1698 osten-

100 1730 180 1777 dit,
224 1734 337 1769 cuius
376 1731 544 1768 fundum
572 1731 696 1769 modo
727 1732 986 1770 subtilissime
1016 1733 1274 1784 papillatu111‚
1316 1732 1443 1770 modo

100 1805 272 1854 (ostiolo
305 1805 503 1851 deciduo,
542 1816 587 1843 ut
625 1805 811 1857 videtur)
857 1806 1110 1857 perforatum
1139 1821 1216 1859 per
1244 1810 1344 1846 vitra
1371 1821 1443 1845 au-

98 1882 279 1931 gentiora
316 1882 620 1931 conspeximus.
694 1880 942 1931 Superficies
984 1892 1189 1926 ceterum,
1231 1884 1273 1919 in
1309 1895 1444 1920 exem-—

99 1954 176 2005 plis
213 1957 424 1992 exsiccatis
458 1957 566 2005 rugis
605 1953 880 2005 subparallelis
920 1955 983 1993 vel
1013 1969 1035 1992 e
1066 1965 1208 1993 centro
1243 1958 1356 2007 quasi
1385 1955 1446 1991 di-

99 2028 356 2079 vergentibus
385 2029 590 2080 eleganter
619 2039 728 2066 extra
757 2028 947 2066 annulum
967 2029 1180 2077 distincta,
1212 2029 1445 2067 humectata

98 2102 297 2141 laevitiem
326 2116 457 2154 paene
486 2102 660 2140 lucidam
690 2117 784 2141 mox
820 2103 882 2152 (ni
912 2103 1064 2142 exoleta
1091 2103 1235 2155 fuerit)
1271 2117 1446 2154 recupe-

98 2186 173 2214 rat.
196 2218 199 2221 7
238 2175 484 2227 Sphaerzelas
522 2177 616 2215 alias
645 2177 776 2215 massa
806 2178 974 2216 ceracea
1001 2177 1095 2215 albo
1113 2177 1335 2228 -fuligine‘a
1363 2176 1444 2213 far-

101 2260 211 2296 etas,
260 2251 356 2289 alias
394 2254 576 2289 seniores
615 2252 842 2302 pulvisculo
883 2252 951 2290 illo
982 2255 1203 2289 tenerri1110
1239 2250 1442 2296 Todeano,

99 2327 140 2361 in
178 2337 296 2376 quem
338 2326 457 2375 igitur
494 2325 662 2363 nucleus
701 2326 827 2363 modo
865 2326 997 2364 dictus
1025 2325 1226 2364 arefactus
1255 2324 1443 2363 fatiscere

100 2398 281 2444 videtur,
313 2398 490 2448 repletas
518 2400 757 2438 invenitnus.
786 2421 841 2429 —
868 2402 1014 2451 Sparsa
1042 2400 1184 2437 incolit
1212 2398 1307 2437 folia
1334 2398 1444 2450 deje-

101 2482 165 2509 cta
191 2472 302 2510 arida
332 2472 458 2509 Pruni
487 2474 743 2523 virg-initurae
765 2473 1060 2526 (Illonplaisir)
1090 2473 1306 2526 frequens,
1342 2472 1442 2511 Cra-

101 2547 210 2596 megi
254 2546 549 2598 Oxyacantlme
586 2544 924 2604 (Thiemenclors)
962 2551 1150 2600 parcior,
1202 2548 1273 2588 sed
1308 2547 1442 2600 paullo

101 2620 228 2672 major
256 2620 575 2674 perFeetiorque.
633 2622 737 2674 Apr.
765 2623 894 2660 Maio.
