1928 3051
1466 177 1487 189 Η

1439 191 1510 217 231

170 303 362 342 scentes,
400 296 584 346 inprimis
620 295 768 347 pineos.
832 295 1044 348 Augusto,
1085 296 1338 348 Septembri,
1378 301 1513 349 primo

170 367 360 406 Octobri.

272 440 363 492 679.
409 442 460 480 A.
500 443 542 480 P.
584 446 871 495 stypticus.

165 513 399 565 Epidermis
434 516 531 568 pilei
567 520 609 554 in
646 519 873 569 squamulas
916 515 1168 559 furfuraceas
1208 520 1372 569 demum
1411 521 1514 561 solvi

166 592 395 628 consuevit.
453 591 763 643 Vulgatissimus
794 603 857 632 est
885 592 1055 645 fungus,
1094 595 1146 632 ad
1176 596 1365 635 caudices
1393 596 1513 635 arbo-

163 675 253 699 rum
292 667 489 702 variarum
524 665 814 704 frondosarum
855 668 1005 719 ubique
1038 668 1123 707 fere
1151 684 1295 723 greges
1324 684 1423 711 suos
1452 671 1511 710 ef-

163 734 354 775 fundens.
412 740 649 786 Autumno,
683 740 850 792 hyeme,
880 755 987 779 vere.

267 810 360 849 630.
407 812 458 849 A.
500 813 545 850 P.
586 816 745 852 mitis.

164 884 297 922 Pileus
335 886 551 925 candorem
588 887 849 939 utplurimum
880 899 1114 936 conservat,
1156 903 1233 928 nec
1265 892 1345 930 nisi
1383 895 1511 933 rarius

162 958 324 1011 suligine
363 960 537 1012 qussdmn
577 961 699 999 diluta
727 965 769 999 in
797 963 1088 1002 vetustioribus
1126 963 1284 1005 afflatus
1318 967 1512 1006 observa·-

160 1043 239 1071 tur.
298 1034 509 1072 Lamellae
537 1037 760 1088 simplices,
792 1036 927 1085 albae,
959 1037 1121 1076 demum
1150 1039 1324 1090 pallent:
1356 1044 1397 1079 In
1423 1044 1510 1080 ico-

159 1120 211 1145 ne
256 1106 365 1146 Ohss.
396 1125 500 1163 myc.
531 1111 564 1148 I.
607 1110 686 1150 tab.
717 1112 756 1149 5.
796 1111 865 1164 fig.
897 1112 936 1150 ὅ.
978 1112 1086 1165 justo
1125 1114 1254 1152 multo
1294 1121 1508 1155 saturatius

158 1184 287 1233 pictas
327 1193 513 1222 nostrum
555 1185 695 1224 saltem
726 1187 928 1237 exemplar
956 1187 1129 1225 exhibet.
1190 1188 1350 1241 Scipicis
1378 1189 1507 1229 forma

158 1269 203 1293 ac
240 1256 419 1296 dilatatio
455 1273 624 1310 prorsus
666 1260 792 1312 qualis
829 1264 871 1297 in
908 1263 1192 1312 praecedente.
1249 1263 1385 1315 Sapor
1412 1278 1506 1316 per-

157 1333 351 1370 sistenter
378 1336 501 1372 mitis.
567 1335 722 1373 Ramos
760 1335 957 1375 deciduos
992 1347 1204 1377 emortuos
1236 1339 1427 1376 Pinorum
1454 1361 1507 1369 —

156 1405 385 1458 sylvestris,
432 1406 614 1455 Abiecis,
662 1410 801 1462 piceae
838 1433 890 1439 —
928 1414 1077 1463 passim
1125 1408 1263 1467 (faule
1300 1413 1503 1457 Briickerz;

157 1480 366 1518 Mokolzer
396 1482 553 1526 Hnide‚·
592 1485 852 1536 Eulenwald)
881 1496 1072 1538 occupat,
1115 1486 1223 1525 haud
1251 1487 1500 1540 infrequens.

153 1553 219 1592 Ab
249 1554 433 1606 Augusto
461 1559 502 1594 in
529 1559 824 1597 Novembrem.

258 1629 349 1668 681.
396 1632 447 1669 A.
488 1633 533 1670 P.
574 1632 843 1672 nidulans.

153 1704 401 1743 Tomentum
450 1706 546 1757 pilei
601 1708 906 1755 mollissimum,
968 1708 1018 1746 ad
1060 1718 1210 1747 tactum
1262 1711 1497 1749 velutinum.

152 1777 334 1818 Praefert
362 1784 519 1833 species
549 1782 710 1834 elegans
738 1792 905 1821 truncos
933 1784 1068 1836 pineos
1093 1794 1134 1822 et
1157 1783 1347 1822 abiecinos
1367 1785 1501 1835 (Loh—

150 1852 329 1903 gruben;
373 1852 595 1913 Quizclorf;
636 1856 736 1895 Seer
764 1855 1026 1901 Steinbmch3
1066 1859 1349 1911 Eulenwald):
1398 1870 1500 1899 atta-

149 1941 244 1966 men
273 1942 348 1967 nec
376 1930 479 1969 alios
506 1944 673 1982 prorsus
702 1934 860 1983 respuit
891 1933 1076 1981 (inventa
1106 1948 1142 1972 v.
1167 1949 1200 1973 e.
1232 1937 1272 1972 in
1300 1933 1429 1973 Sorbo
1447 1957 1499 1964 -—-

154 2000 365 2039 Trebusser
391 2004 548 2057 Allee).
592 2006 755 2044 Parcior
782 2020 924 2053 verna,
956 2008 1108 2059 Aprili,
1141 2010 1274 2047 Maio:
1305 2009 1496 2062 frequen-

150 2078 231 2114 tior
258 2080 519 2127 autumnalis,
551 2080 803 2132 Septembri,
839 2081 1028 2119 Octobri.

253 2151 344 2190 632.
391 2154 442 2193 A.
483 2155 528 2192 P.
571 2155 863 2193 variabilis.

516 2242 555 2273 α,
580 2230 762 2280 vulgaris

149 2298 281 2336 Pileus
321 2309 508 2339 tomento
547 2303 718 2340 candido
753 2303 842 2340 laxo
883 2303 1142 2343 subdetersili
1179 2305 1370 2353 indutus,
1421 2306 1494 2344 de-

146 2386 256 2410 mum
285 2373 405 2414 laevis
434 2376 610 2427 pallens;
652 2375 874 2414 substancia
906 2378 1070 2417 humida
1098 2380 1223 2418 molli.
1283 2380 1494 2419 Lamellae

146 2461 193 2484 ex
221 2447 314 2486 albo
345 2449 506 2488 tandem
536 2453 716 2503 griseae,
758 2452 925 2503 pulvere
964 2457 1204 2506 spermatico
1232 2454 1491 2508 rubIginoso-

144 2521 236 2559 rufo
278 2536 539 2575 conspersae.
616 2526 878 2578 Per-vulgatus
924 2527 1025 2567 locis
1064 2529 1262 2580 sylvaticis
1299 2530 1390 2569 udis
1430 2541 1493 2570 est

147 2594 355 2648 fungsslus,
387 2599 456 2636 ubi
485 2603 527 2636 in
554 2602 674 2639 ramis
697 2600 892 2652 dejectis,
925 2602 1156 2654 stipitibus,
1187 2608 1358 2652 muscis,
1387 2605 1493 2645 alfis—

144 2683 192 2709 ve
222 2673 445 2724 quisquiliis
475 2677 739 2725 parasitatur‚
773 2679 901 2716 rarius
930 2677 1015 2715 solo
1043 2678 1156 2717 nudo
1186 2678 1384 2719 umbroso
1411 2682 1492 2732 ipsi
