1928 3051
1492 200 1516 237 5

174 322 319 360 Forma
358 320 580 359 admodum
615 323 735 359 varia.
803 320 929 357 Color
964 331 1057 356 mox
1092 318 1259 365 laetior,
1303 331 1325 356 e
1361 332 1518 371 purpu-

173 410 246 435 reo
277 396 438 443 fuscus3
470 410 565 434 mox
593 398 772 446 opacior.
828 393 894 430 Ad
923 406 1057 431 ramos
1086 393 1273 431 arborum
1300 391 1517 432 frondosa-

173 485 263 508 rum
292 474 427 509 siccos
455 470 605 521 ubique
642 468 752 516 fere,
791 467 910 520 hujus
954 470 1149 507 sectionis
1185 467 1302 507 facile
1332 469 1519 520 vulgatis-

175 548 286 585 sima.
345 546 554 583 Perennis.

287 619 347 657 15.
389 619 429 656 S.
471 616 682 669 pallida.

543 705 583 736 α,
617 689 724 725 [ntea

177 765 299 804 Color
326 764 511 803 flavidus.
571 763 674 801 Cum
715 771 912 814 sequente
941 761 1052 800 affini
1080 765 1122 800 in
1151 776 1202 801 eo
1232 777 1393 817 quoque
1423 780 1522 805 con-

176 841 305 883 venit,
339 838 447 890 quod
476 847 668 889 utraque,
711 836 807 875 loco
838 835 955 873 natali
985 836 1067 873 laxe
1097 846 1250 874 tantum
1280 839 1520 887 adhaerens,

175 911 224 950 ab
263 926 313 950 eo
355 912 470 950 facile
508 911 711 960 solvatur,
755 924 834 949 nec
861 923 954 947 raro
983 909 1108 948 libera
1135 924 1183 949 ac
1210 912 1373 951 mobilis
1401 927 1524 965 repe-

175 989 313 1024 riatur.
371 986 421 1023 In
447 986 564 1037 lignis
591 986 720 1038 pineis
747 984 918 1037 dejectis
947 983 1125 1024 humidis
1146 987 1335 1037 putribus
1356 991 1521 1039 passim,

177 1062 290 1111 Sept.
325 1061 421 1097 Oct.
453 1061 560 1097 Nov.

287 1134 345 1171 16.
385 1135 425 1170 S.
466 1133 593 1171 rufa.

177 1209 386 1246 Tomento
417 1208 615 1246 albicante
646 1210 754 1245 circa
780 1206 898 1245 basin
925 1206 1167 1260 plerumque
1196 1207 1397 1257 obducta,
1433 1223 1524 1248 mo-

178 1296 222 1320 re
260 1283 569 1333 praecedentis:
616 1296 638 1319 a
675 1295 752 1334 qua
790 1283 1164 1333 praecipue-distat
1193 1284 1355 1331 colore,
1394 1283 1526 1321 Forma

176 1360 310 1395 minus
345 1357 537 1408 regulari,
591 1357 741 1396 statura
779 1356 914 1407 paullo
953 1356 1130 1409 majore,
1170 1370 1217 1395 ac
1255 1358 1348 1395 loco
1388 1358 1523 1397 natali.

178 1431 362 1470 Arbores
392 1435 499 1469 enim
527 1430 745 1469 frondosas
776 1440 1013 1468 constanter
1037 1431 1112 1469 sibi
1134 1431 1256 1483 eligit,
1287 1434 1328 1468 in
1358 1446 1526 1484 quarum

178 1509 299 1544 ramis
336 1505 527 1557 dejectis,
580 1518 679 1556 prae
719 1507 866 1543 ceteris
906 1514 1041 1542 tamen
1081 1503 1185 1541 Rubi
1215 1502 1409 1561 fruticosi
1443 1509 1526 1545 avi-

179 1579 252 1625 da,
294 1581 460 1617 minime
488 1592 576 1617 rara
606 1582 809 1617 occurrit:
848 1578 944 1616 inde
976 1592 999 1616 a
1031 1581 1187 1618 seriore
1215 1589 1408 1618 autumno
1438 1581 1527 1619 hie-

177 1666 285 1691 mem
313 1656 452 1691 mitem
480 1656 521 1691 in
548 1666 619 1691 ver
646 1667 777 1705 usque
808 1652 1050 1704 perdurans.
1082 1692 1086 1694 .

288 1740 348 1778 17.
390 1728 429 1765 S.
471 1727 687 1766 ribesia.

179 1800 425 1852 Sphaerulas
440 1801 558 1839 nobiS
577 1815 742 1853 quoque
763 1801 825 1840 vel
847 1814 964 1839 cavas
983 1800 1046 1839 vel
1067 1801 1237 1853 gelatinfi
1255 1799 1375 1842 fluxili
1395 1803 1530 1855 reple-

181 1885 240 1914 tas
269 1875 488 1914 observare
517 1889 735 1927 numquam
755 1878 945 1927 contigit:
978 1886 1216 1914 constanter
1236 1880 1376 1928 potius
1397 1878 1526 1916 massa

181 1949 351 2001 quadam
373 1950 500 1987 solida
522 1948 764 1986 suham-mosa
792 1950 943 1988 farctae
971 1949 1091 1989 nobis
1119 1964 1360 2002 apparuere.
1404 1951 1538 2002 Quod?

183 2037 273 2061 cum
313 2026 354 2060 in
394 2024 578 2075 pluribus
620 2024 741 2063 huius
784 2027 945 2076 generis
985 2025 1237 2076 speciebus,
1288 2028 1418 2078 iisque
1460 2036 1528 2064 aut

182 2111 354 2149 prorsus
382 2102 575 2146 astomis,
617 2108 684 2137 aut
722 2099 873 2137 ostiolo
904 2102 1067 2138 nonnisi
1102 2099 1290 2138 obsoleto
1319 2100 1527 2151 praeditis,

183 2171 387 2210 obtineat:
418 2175 589 2224 propria
617 2173 712 2211 inde
742 2172 887 2211 Familia
914 2177 1021 2212 inter
1050 2173 1271 2226 Sphaerias
1311 2173 1532 2212 Solemnia-

185 2260 264 2298 que
306 2246 461 2293 media,
500 2247 575 2286 illis
613 2247 766 2293 forma,
808 2251 908 2295 situ,
942 2248 1080 2286 habitu
1110 2270 1164 2277 —-
1203 2258 1244 2286 at
1270 2248 1331 2286 his
1359 2247 1532 2286 fructifi—

186 2323 347 2358 catione
375 2324 549 2372 propior
579 2321 652 2370 (ac
680 2324 815 2373 itaque
841 2322 924 2360 'huc
953 2321 1137 2369 forsitan,
1166 2321 1364 2360 Sclerocio
1394 2322 1532 2375 sphae-

186 2394 314 2431 rioide
341 2397 442 2432 viam
473 2394 705 2445 pandente,
746 2396 1048 2447 translocanda)
1079 2399 1274 2434 constitui
1312 2409 1440 2448 posse
1476 2400 1533 2435 vi·-

187 2468 319 2506 detur.
349 2490 401 2497 —-
428 2470 545 2507 Loco
576 2482 651 2507 suo
680 2469 866 2522 vulgaris.
924 2472 1034 2510 Nov.
1064 2471 1172 2510 Dec.

296 2541 356 2580 18.
404 2544 444 2581 S.
485 2543 734 2582 Sambuci.

187 2616 368 2664 Minuta,
419 2617 565 2656 lineam
607 2632 622 2657 1
664 2619 756 2658 lata.
834 2617 1001 2658 Stroma
1045 2633 1092 2657 ex
1129 2618 1219 2658 albo
1258 2620 1530 2667 cinerascens‚

191 2704 426 2737 ceraceu1n‚
457 2693 602 2732 molle:
634 2693 872 2746 sphaerulae
900 2693 1080 2746 pusillae.
1141 2695 1189 2732 In
1210 2693 1374 2733 ramulis
1398 2707 1533 2732 emor-
