1928 3051
1473 189 1540 228 151

305 307 396 354 424.
442 303 493 343 A.
534 305 580 344 L.
622 304 886 344 helvolus.

200 377 448 416 varietatem
485 392 586 427 nos,
635 391 800 431 praeter
836 382 1035 418 minorem
1072 380 1176 418 illam
1213 394 1235 420 a
1273 381 1324 420 cl.
1366 381 1543 419 Persoon

199 449 470 503 descriptam,
502 453 615 490 aliam
646 468 810 505 quoque
840 453 1036 492 habemus
1063 455 1335 507 magnitudine
1361 459 1540 495 onmium

196 527 372 576 partium
401 510 555 578 dupliei
584 526 668 566 fere
706 529 842 579 (pileo
884 526 1122 582 1s13unciali
1158 531 1266 581 etc.)
1303 530 1538 583 majoreque

194 598 346 637 robore
374 602 598 652 insignem,
631 605 749 639 etiam
778 605 908 640 minus
938 602 1085 640 crebro
1116 604 1371 642 vulneratam.
1426 607 1539 644 Loca

195 682 300 710 amat
329 673 598 712 submontana
627 678 853 726 graminosa
871 705 879 721 ,
921 676 990 713 ubi
1018 676 1195 714 betuleta
1224 679 1345 717 aliave
1375 679 1538 719 dumeta

193 744 391 784 frondosa
419 748 580 793 incolit,
610 762 696 785 non
723 748 972 800 infrequens.
1030 751 1283 802 Septembri,
1318 753 1507 794 Octobri.

298 820 390 869 425.
437 820 488 858 A.
529 821 575 858 L.
618 821 904 861 brunneus.

194 891 325 929 Pilens
353 907 375 931 e
405 895 685 945 campanulato
714 895 809 933 dein
837 897 995 947 planus.
1052 897 1186 935 Totus
1214 897 1359 950 fungus
1386 914 1536 953 cogna-

192 968 241 1004 tis
271 969 353 1005 suis
393 965 804 1023 Lepiottiflc.1·ipede
831 984 878 1007 ac
912 970 1152 1008 Conium-iis
1184 974 1370 1010 castanea
1400 985 1440 1013 et
1470 975 1534 1014 cle·

192 1041 382 1093 cipiente,
422 1053 585 1093 praeter
621 1043 854 1082 discrimina
885 1044 1060 1097 reliqua,
1100 1045 1226 1096 duplo
1258 1048 1432 1098 triplove
1460 1064 1535 1088 un-

189 1114 312 1167 dique
349 1115 477 1169 major
515 1127 554 1155 et
588 1116 759 1156 firmior.
819 1120 1015 1169 Sparsus,
1065 1122 1185 1157 etiam
1234 1121 1529 1175 subgregarius,

189 1190 318 1242 sylvas
357 1190 453 1229 hinc
493 1192 600 1229 illinc
632 1192 771 1230 incolit
798 1192 992 1232 abietinas
1021 1193 1338 1235 lnunidiUsculas
1366 1211 1532 1237 musco·-

188 1276 267 1302 sas.
324 1265 468 1303 Medio
497 1276 706 1305 autumno.

291 1338 383 1387 426.
431 1340 481 1378 A.
523 1341 570 1378 L.
609 1340 854 1392 flexipes.

187 1410 319 1448 Pileus
347 1426 437 1450 mox
465 1414 753 1460 laeviusculus‚
795 1429 888 1453 mox
924 1415 1079 1455 fibrillis
1108 1416 1250 1456 albidis
1279 1421 1373 1457 satis
1402 1419 1529 1459 dense

183 1484 365 1533 obsitus,
407 1501 429 1525 e
461 1491 744 1526 cinnauionieo
784 1493 825 1527 in
864 1491 1030 1528 sordide
1070 1491 1295 1530 violaceum
1322 1507 1528 1533 nonnum-

184 1573 302 1611 quam
331 1574 502 1612 vergens
520 1592 527 1606 ‚
561 1562 815 1601 semuncialis
846 1565 1107 1616 plerumque,
1142 1569 1269 1604 rarius
1298 1567 1349 1604 ad
1376 1571 1400 1620 Ξ
1431 1583 1524 1609 unc.

182 1633 267 1682 (vix
298 1635 424 1685 ultra)
454 1635 653 1674 dilatatus.
712 1637 759 1673 In
789 1638 907 1689 sylvis
926 1643 1128 1684 acerosis,
1159 1645 1398 1690 praesertim
1420 1643 1525 1681 abie-

180 1708 295 1758 gnis,
327 1708 430 1747 locis
461 1709 636 1747 humidis
667 1714 850 1761 copiose.
908 1713 985 1750 Per
1015 1723 1145 1751 totum
1174 1724 1424 1756 autumnum.

285 1787 378 1833 427.
427 1784 473 1820 A.
512 1785 555 1820 L.
594 1798 904 1837 macropus.

182 1854 340 1907 Stipicis
386 1857 599 1908 longitudo
648 1872 770 1910 saepe
818 1863 979 1907 eximia,
1029 1861 1103 1899 sed
1152 1864 1388 1903 inconstans
1433 1875 1519 1914 est3

178 1929 288 1967 haud
316 1945 406 1968 raro
436 1935 541 1968 enim
575 1933 794 1971 mediocris
836 1937 978 1981 etiam,
1022 1935 1098 1973 bi·
1126 1950 1159 1975 s.
1191 1939 1432 1985 triuncialis‚
1464 1943 1524 1978 in-

177 2007 351 2042 venitur.
410 2007 574 2044 Nomen
612 2009 745 2058 itaque
779 2009 930 2047 triviale
961 2023 1052 2047 cum
1080 2013 1239 2061 aptiore
1269 2013 1522 2063 inposterum

177 2079 490 2129 permutandum
521 2084 609 2119 erit.
667 2082 850 2119 Annulus
878 2087 1033 2122 varius:
1073 2098 1196 2136 saepe
1229 2089 1323 2124 satis
1353 2101 1520 2138 magnus

177 2149 398 2204 firmusque
437 2158 630 2205 persistit.
658 2178 710 2185 —
748 2157 956 2195 Lccmcllae
994 2158 1183 2209 pallidae,
1224 2160 1317 2197 dein
1355 2160 1525 2199 subciru

175 2238 414 2265 nainouieae
444 2242 536 2266 cuin
566 2233 721 2269 iiiicore
742 2231 913 2282 quodam
938 2235 1229 2271 cinerascente.
1286 2235 1418 2272 Totus
1447 2235 1518 2272 ha-

175 2298 284 2337 bitus
315 2311 552 2339 constanter
579 2304 731 2342 validus
762 2318 933 2344 crassus.
990 2305 1091 2343 Hab.
1117 2309 1278 2357 specles
1307 2308 1415 2359 apud
1443 2322 1518 2349 nos

174 2373 408 2426 pervulgata
436 2378 477 2412 in
505 2376 625 2428 sylvis
653 2381 833 2416 acerosis
864 2380 1138 2429 sicciusculis‚
1169 2383 1352 2433 inprimis
1373 2383 1513 2435 pineis,

175 2447 324 2501 ubique
353 2462 509 2501 sparsa.
567 2451 752 2503 Augusto
783 2462 824 2490 et
852 2466 943 2505 sqq.
