1928 3051
1462 181 1539 237 539

196 303 338 356 neique
378 305 485 342 carie
523 303 680 356 jamjam
716 304 976 351 destruendi,
1018 317 1117 357 quas
1156 307 1198 342 in
1235 304 1357 357 sylvis
1394 305 1538 355 opacis

194 377 405 428 paludosis
439 378 503 428 (v.
536 391 573 418 c.
616 378 825 416 Mokolzer
854 378 1013 430 Haide)
1053 382 1215 417 minime
1252 392 1341 418 rara
1379 377 1534 424 incolit,

193 451 360 490 maculis
390 455 486 491 satis
517 451 595 491 late
625 451 778 491 effusis.
837 454 1078 492 Praesertim
1110 466 1220 492 vere.

302 538 413 563 1012.
460 527 503 565 P.
544 527 836 566 umbonata.

560 616 601 648 α,
634 601 798 655 epixyla

559 673 638 724 ββ,
669 676 874 729 epiphylla

192 747 292 786 Var.
326 762 366 795 oc,
397 757 538 787 nostra
578 759 814 788 constanter
851 750 1015 802 quidem
1053 749 1102 787 ad
1130 748 1285 787 fructus
1324 747 1537 786 induratos

192 821 349 872 ligneos
378 823 539 874 (pineos
555 850 564 868 ‚
595 823 754 869 alueos,
776 819 994 879 fagineos)
1016 823 1119 862 locis
1142 823 1347 862 umbrosis
1367 822 1537 861 humen-

192 894 298 932 tibus
336 895 401 944 (V.
433 909 470 934 c.
511 895 818 947 Lehmgruben;
859 896 1015 940 Haide;
1056 895 1311 947 Eulenbuch)
1350 896 1536 948 dejectos

193 972 367 1008 crescit:
398 970 472 1008 sed
502 963 744 1023 ceteroquin
774 984 867 1009 cum
897 971 1172 1008 Persoonianci
1200 971 1304 1008 adeo
1334 973 1535 1021 congruit,

191 1053 235 1080 ut
263 1057 316 1081 ne
345 1047 546 1083 varietatis
588 1046 753 1097 quidem
793 1046 888 1083 loco
927 1044 977 1082 ab
1014 1045 1060 1081 e&
1088 1046 1311 1096 separanda
1338 1044 1533 1082 videatur.

191 1117 314 1156 Initio
345 1128 431 1157 tota
459 1119 757 1171 subgelatinosa
784 1119 916 1158 mollis
946 1119 1070 1157 dilute
1100 1121 1253 1165 caesia,
1295 1128 1432 1157 exacte
1462 1116 1536 1156 do-

191 1190 398 1232 liiformis:
435 1193 530 1231 dein
567 1194 807 1245 applanatur
834 1192 1072 1246 firmiorque
1100 1192 1169 1239 fit,
1212 1193 1325 1231 disco
1355 1193 1537 1244 plerum-

191 1280 271 1318 que
300 1267 392 1319 plus
421 1271 552 1307 minus
582 1269 829 1306 umbonato:
861 1268 1022 1306 demum
1054 1281 1174 1320 saepe
1203 1270 1328 1318 magis
1357 1269 1538 1318 pezizae-

190 1339 330 1381 formis
368 1343 515 1381 evadit.
584 1343 736 1381 Passim
776 1352 969 1395 argenteo
1005 1344 1191 1394 pruinata
1237 1341 1414 1379 micore:
1462 1340 1536 1378 alis

190 1420 279 1454 vice
307 1419 348 1453 in
379 1417 563 1455 colorem
604 1416 728 1455 dilute
767 1420 956 1456 vinosum
995 1416 1259 1468 subvergens.
1325 1418 1421 1454 Var.
1452 1413 1532 1463 ββ,

194 1505 276 1527 oco
308 1490 516 1542 discrepat
545 1502 585 1530 et
616 1491 746 1528 colore
781 1492 895 1541 (toto
926 1489 1413 1541 cinereo-fuliginoso):
1441 1485 1534 1545 for-

187 1565 255 1603 7ηᾶ
284 1578 488 1605 consona:
527 1569 570 1603 in
597 1565 703 1605 foliis
742 1565 917 1618 putridis
955 1565 1138 1603 deciduis
1174 1563 1361 1615 (Haide)
1390 1563 1531 1601 rarior.

187 1639 379 1687 Aestate,
410 1650 617 1678 autumno.

297 1713 409 1752 1015.
458 1715 502 1752 P.
543 1714 843 1766 epiphylla.

187 1788 378 1827 Notabile
408 1789 510 1827 haec
539 1792 702 1840 species
731 1787 902 1839 praebet
931 1787 1158 1839 exemplum
1187 1786 1332 1838 stipitis
1353 1798 1431 1838 pro
1454 1785 1535 1823 loci

187 1863 328 1901 natalis
359 1863 516 1902 divers&
545 1866 701 1900 ratione
739 1862 964 1909 variabilis,
1002 1864 1043 1899 in
1074 1863 1222 1900 Pezizis
1253 1859 1535 1911 complui-Ibus

188 1936 448 1975 observandi.
507 1937 710 1989 Fungillus
740 1937 928 1974 nimirum
959 1936 1172 1988 expeditus
1201 1936 1352 1974 sessilis
1382 1944 1444 1972 est
1467 1944 1535 1971 aut

187 2010 274 2050 basi
303 2011 538 2050 brevissima
569 2014 826 2062 nigrescente
855 2014 1105 2049 instructus:
1146 2020 1186 2048 at
1215 2008 1433 2048 suffocatus
1462 2010 1535 2047 sti-

185 2087 284 2136 pitis
321 2085 520 2123 brevioris
555 2086 804 2136 longiorisve
845 2099 921 2137 ope
957 2085 1099 2122 altiora
1135 2084 1350 2135 lucemque
1390 2092 1534 2134 petere

188 2159 309 2199 solet.
367 2159 415 2196 In
442 2159 550 2198 foliis
579 2159 867 2211 semiputribus
897 2162 1013 2197 variis
1051 2159 1113 2208 (e.
1147 2171 1184 2196 c.
1218 2156 1532 2209 Sclz(ipsaniam,¹

187 2233 492 2277 Hitchenwiese;
522 2231 762 2284 Polshruclz)
795 2233 967 2271 abunde.
1022 2233 1251 2270 Autumno:
1283 2231 1534 2283 frequentior

186 2321 296 2346 vere.

296 2385 407 2431 1014.
455 2383 500 2420 P.
540 2381 779 2420 betulina
819 2395 992 2420 NOBIS.

190 2456 236 2494 P.
268 2469 409 2507 sparsa
439 2457 579 2494 sessilis
607 2458 867 2494 minutissima
897 2455 1104 2509 epiphylla
1125 2453 1305 2508 glabella
1333 2452 1531 2492 orbicula-

192 2531 246 2568 ris
275 2545 474 2576 convexa,
513 2530 602 2568 dein
635 2531 858 2582 capularis,
898 2546 917 2567 e
944 2529 1098 2582 palhdo
1129 2529 1283 2567 demum
1313 2531 1530 2581 nigricans.

296 2604 545 2659 Sphaeriolis
572 2605 711 2644 forsan
739 2605 1030 2644 adscribenda:
1060 2619 1083 2643 a
1112 2604 1153 2643 S.
1182 2601 1445 2660 punctiformi
1472 2614 1534 2642 ta-

191 2691 286 2717 men
323 2679 387 2718 vel
423 2682 515 2732 ipso
558 2681 700 2718 colore
739 2683 835 2720 satis
874 2680 1052 2719 diversa:
1099 2681 1233 2731 primo
1274 2679 1430 2732 pallens
1466 2688 1534 2716 aut

1556 2379 1635 2410 Tab.
1644 2378 1711 2409 XII
