1928 3051
1478 149 1554 189 83²

188 271 299 317 susa,
347 272 547 309 exsiccata
582 271 782 320 nigricans
811 271 852 305 in
880 281 1050 308 massam
1080 268 1222 306 duram
1250 271 1345 308 satis
1372 268 1529 310 firmam

189 347 489 396 compingitur,
520 343 748 382 lamellosas
777 353 860 380 tum
889 343 1068 395 undique
1098 346 1294 382 maceries
1313 347 1417 381 inter
1447 345 1529 383 cel-

187 417 286 457 lulas
331 421 482 457 vicinas
533 417 738 456 exhibens.
825 418 929 454 Tota
974 427 1120 469 quanta
1156 420 1345 455 nimirum
1383 419 1530 456 cellulis

187 502 318 530 scatet
354 495 600 537 innumeris,
648 493 778 528 variae
816 491 1103 542 magnitudinis
1134 505 1182 529 ac
1211 491 1389 539 formae3
1432 507 1531 545 qua-

186 580 276 604 rum
306 567 483 617 singulae
512 565 712 617 peridiola
740 565 892 616 singula
920 565 1042 603 laxius
1072 565 1237 611 l'ovent,
1278 569 1331 603 ita
1360 576 1403 604 ut
1429 567 1532 606 haec

186 639 304 678 facile
345 640 523 691 exglubi,
572 639 818 689 cellulaeque
866 639 959 676 dein
1001 642 1114 690 ipsae
1152 653 1302 677 vacuae
1343 643 1531 691 conspici

186 717 363 765 possint.
422 716 524 750 Sunt
563 715 637 750 ista
675 710 877 763 pericliola
914 715 1027 749 initio
1057 715 1231 759 minuta,
1278 714 1528 761 mollissima,

187 787 386 838 pulposa‚
429 795 541 824 extus
570 789 758 837 intusque
788 785 1001 824 unicolora
1028 786 1131 824 laete
1158 786 1285 825 flava:
1326 788 1532 838 paullatim

186 860 281 898 inde
311 863 352 896 in
380 859 549 898 formam
588 860 830 912 plerumque
866 869 988 897 ovato
1006 882 1025 888 -
1043 859 1284 911 oblongam,
1327 861 1381 899 ob
1412 864 1531 900 situm

186 944 343 972 arctum
393 934 665 975 diversimode
715 946 1015 984 compressam,
1048 943 1334 980 excrescunt,
1386 936 1533 972 cortice

188 1009 235 1058 (a
272 1008 349 1046 filis
389 1007 636 1046 substantiae
673 1008 946 1059 agglutinatis,
995 1017 1039 1045 ut
1077 1008 1262 1059 videtur)
1313 1008 1529 1057 hirsutulo,

188 1085 319 1128 tenui,
360 1082 496 1120 albido
525 1082 586 1120 vel
615 1081 1138 1133 flavo-sulphurascente‚
1179 1084 1382 1121 exsiccato
1413 1086 1531 1121 etiam

189 1157 375 1195 colorem
413 1166 596 1194 servante
623 1178 676 1185 —
704 1155 878 1193 medulla
919 1157 1086 1195 carnosa
1119 1156 1355 1195 succulenta
1383 1157 1526 1206 albida,

186 1232 323 1284 paullo
362 1241 461 1283 post
500 1231 826 1276 brunnescente,
877 1230 1074 1282 simulque
1105 1234 1186 1269 cito
1217 1232 1392 1270 arefacta
1421 1242 1462 1271 et
1489 1235 1530 1270 in

188 1306 398 1358 pulverem
439 1316 572 1343 terreo
600 1328 618 1334 -
645 1305 918 1356 ferrugineum
964 1303 1042 1343 filis
1087 1308 1222 1356 parcis
1257 1308 1530 1345 intermixtum

188 1380 359 1432 dilapsa.
437 1381 550 1431 Quae
595 1382 730 1417 omnia
766 1377 957 1417 brevibus
994 1392 1084 1418 sese
1122 1382 1176 1417 ita
1211 1383 1440 1431 excipiunt,
1487 1392 1531 1419 ut

188 1453 313 1506 fungo
351 1454 596 1492 verticaliter
634 1463 751 1492 secto
790 1453 990 1504 peridiola
1025 1467 1148 1505 saepe
1183 1467 1335 1491 summa
1363 1456 1531 1506 pulvere

188 1528 333 1580 plena,
365 1527 496 1565 meslia
525 1531 742 1566 etiamnum
772 1527 1032 1574 succulenta,
1063 1528 1144 1565 ima
1173 1538 1212 1566 et
1233 1527 1422 1566 lateralia
1451 1533 1532 1568 exi-

186 1615 262 1655 gua
298 1592 493 1654 mereque
531 1601 704 1653 pulposa
737 1604 941 1648 invenias,
980 1604 1187 1654 unicoque
1224 1603 1371 1640 obtutu
1399 1604 1531 1642 histo-

186 1679 286 1714 riam
316 1679 471 1728 speciei
498 1678 694 1727 integrali]
723 1675 962 1727 perlustres.
1020 1677 1190 1728 Fungilli
1223 1687 1405 1715 ceterum
1435 1692 1533 1716 cen-

188 1751 310 1789 trales
340 1749 538 1803 majores,
572 1749 704 1800 ’5-4
731 1749 799 1788 lin.
830 1749 966 1801 longi,
1003 1747 1064 1803 ιβ
1093 1750 1185 1798 lati3
1220 1757 1361 1790 versus
1390 1756 1534 1804 margi—

188 1839 281 1864 nem
320 1829 470 1864 sensim
509 1827 714 1870 minores3
765 1825 906 1862 minuti
942 1834 1100 1871 tamen,
1149 1825 1371 1864 dummodo
1409 1826 1532 1864 adulti

189 1902 292 1945 sint,
332 1913 415 1937 non
457 1899 636 1937 dicendi.
695 1899 862 1937 Cortice
893 1901 1101 1936 communi
1130 1899 1292 1937 demum
1322 1903 1428 1938 varie
1459 1900 1530 1938 dif-

187 1973 340 2020 fracto,
388 1973 679 2026 peridiolisque
717 1973 873 2011 vulneri
900 1973 1238 2013 aecmnbemibus
1267 1976 1385 2013 simul
1415 1979 1531 2013 ctiam

188 2048 329 2095 laesis,
361 2049 492 2099 pulvis
523 2062 687 2086 carcere
716 2061 791 2087 suo
821 2047 1010 2086 liberatus
1038 2047 1160 2100 longe
1188 2049 1349 2101 lateque
1373 2050 1533 2101 disper-

188 2125 304 2174 gitur.
333 2143 386 2151 ——
414 2124 540 2161 Secus
577 2125 685 2169 vias,
730 2135 920 2175 agrorum
957 2125 1157 2174 margines
1198 2132 1278 2161 etc.
1311 2125 1413 2162 locis
1442 2137 1531 2162 are-=

188 2199 303 2235 nosis
333 2199 482 2247 apricis
512 2200 689 2248 passim,
720 2211 799 2236 nec
827 2195 1086 2248 infiequens,
1119 2200 1269 2236 crescit
1295 2211 1318 2235 a
1345 2198 1465 2235 Junio
1490 2200 1531 2234 in

187 2271 470 2310 Novembrem
499 2284 644 2322 usque·

551 2399 610 2437 13.
669 2396 1171 2436 LYCOGALA.

294 2484 383 2533 2'33.
430 2495 477 2533 L.
518 2505 686 2533 atrum
726 2508 900 2533 Nossts.

189 2568 239 2607 L.
271 2581 426 2615 acrum,
464 2570 629 2622 pulvere
650 2567 741 2626 silis
778 2571 942 2623 ramosis
973 2564 1365 2626 athzzscztliformibus
1395 2569 1532 2607 radia-

189 2644 259 2681 tim
288 2643 587 2695 divergencihus
620 2646 848 2683 intertexto.

1556 2501 1714 2533 Tab.1}1.

1597 2565 1620 2596 f.
1647 2573 1675 2600 3.
