1928 3051
1526 202 1552 238 5

208 330 286 377 dit,
326 331 404 367 nisi
437 327 547 380 quod
574 326 681 365 basis
705 329 795 377 ipsa
830 334 1134 374 nonnumquam
1164 321 1256 372 pilis
1285 322 1420 372 parcis
1447 319 1553 356 hirta

207 405 273 442 sit.
338 403 483 440 Aetate
519 400 676 446 medis,
717 397 943 451 sphaerulis
979 400 1082 433 intra
1119 394 1382 434 substantiam
1419 394 1554 432 adhuc

207 476 468 522 latitantibus,
502 473 821 525 Rhizomorphae
849 474 1033 523 speciem
1061 473 1267 516 mentitur,
1298 469 1393 507 inde
1421 482 1444 506 a
1466 452 1553 506 basi

208 562 292 589 tuin
321 553 471 590 sensim
501 557 753 586 attenuatus:
795 556 836 584 at
874 545 993 596 paulo
1034 554 1130 595 post
1158 543 1390 596 sphaerulae
1420 556 1553 580 erum-

206 635 354 677 pentes
381 638 430 662 ac
457 623 572 661 valde
601 620 856 673 prominulae
886 618 1084 655 clavulam
1113 621 1153 655 in
1182 618 1318 655 medio
1349 617 1433 655 fere
1463 615 1553 653 fun-

206 711 258 750 go
297 700 555 736 constitutam
582 709 604 733 a
635 696 769 746 stipite
797 693 924 743 duplo
955 692 1131 742 triplove
1161 692 1362 743 longiore,
1395 693 1550 737 striato,

206 772 447 823 plerumque
476 780 742 819 compresso,
783 765 933 803 affatim
962 765 1226 815 distinguunt.
1283 765 1402 816 Apex
1431 778 1554 815 saepe

206 848 314 883 varie
352 847 566 888 incurvus;
608 851 789 879 ceterum
819 839 1227 890 subpulverulentus‚
1270 851 1550 889 compressus,

205 922 248 957 in
276 919 501 969 specimine
528 919 651 954 unico
680 914 865 952 dilatatus
893 927 941 951 ac
966 912 1272 964 semidigitatus.
1333 912 1555 964 Spaerulae

206 1006 380 1045 parvae,
420 1005 468 1029 ex
495 999 614 1028 ovato
645 988 980 1039 subspinulosae‚
1012 996 1250 1038 congestae:
1282 987 1375 1024 alias
1416 989 1554 1023 inanes

208 1066 370 1106 sacculo
408 1078 483 1104 suo
521 1065 710 1108 vestitas,
755 1062 849 1100 alias
894 1060 1063 1113 gelatina
1104 1059 1250 1098 farctas
1279 1060 1554 1111 deprehendi-

207 1154 312 1179 mus.
380 1137 617 1178 Substantia
643 1136 821 1182 fibrosa‚
854 1135 1075 1180 suberosa,
1107 1135 1204 1172 alba.
1261 1134 1308 1172 In
1337 1130 1453 1190 soliis
1482 1134 1553 1171 de-

208 1215 326 1267 jectis
356 1216 477 1252 siccis
505 1215 624 1250 variis
642 1241 651 1257 ,
689 1213 931 1262 praeprimis
961 1219 1093 1246 tamen
1124 1208 1331 1261 Syringae
1358 1208 1552 1259 vulgaris,

208 1290 305 1327 loco
351 1291 474 1326 unico
511 1299 736 1324 nemoroso
782 1282 1118 1334 (Heinrichsruh)
1149 1281 1354 1335 frequens.
1412 1284 1556 1320 Exem-

209 1363 275 1414 pla
304 1365 487 1400 omnium
514 1370 688 1398 aetatum
717 1360 885 1411 legimus
913 1367 1065 1397 aestate
1094 1357 1251 1410 pluvia,
1283 1357 1357 1395 Jul.
1379 1357 1483 1409 Aug.

313 1450 353 1488 7.
400 1438 441 1474 S.
471 1433 846 1487 polymorpha.

576 1523 617 1554 α,
648 1506 857 1560 pistillaris

572 1581 620 1631 B,
650 1581 888 1634 spathulata

208 1658 272 1697 Cf.
321 1656 431 1696 obss.
476 1655 622 1709 mycol.
653 1656 708 1693 ΙΙ.
748 1669 791 1707 p.
820 1655 884 1704 64.
914 1653 978 1693 65.
1054 1653 1103 1691 In
1139 1651 1186 1702 β,
1228 1653 1415 1705 spathula
1449 1666 1553 1691 non-

207 1745 426 1784 numquam
455 1733 721 1782 enim-gissam,
761 1729 834 1766 bi-
852 1729 915 1766 vel
945 1731 1151 1780 tricuspis.
1194 1750 1247 1757 —
1301 1728 1447 1765 Rarior
1475 1741 1553 1765 no-

206 1806 294 1848 bis.
324 1819 404 1843 nec
431 1807 509 1843 nisi
528 1805 621 1842 loco
649 1807 771 1842 unico
802 1802 1037 1853 (Mokolzer
1054 1802 1211 1853 Haide)
1239 1805 1281 1839 in
1303 1805 1457 1840 truncis
1477 1815 1555 1853 po-

209 1881 356 1933 pulinis
374 1880 579 1931 alneisque
609 1878 721 1916 humi
748 1877 974 1930 jacentibus
995 1876 1235 1928 putrefactis
1255 1876 1450 1916 hacteuus
1479 1876 1554 1915 ob-

208 1957 283 1993 via.
339 1955 419 1992 Per
448 1963 580 1991 tOtuln
608 1966 780 1990 annum:
816 1950 1066 1990 fructificans
1097 1952 1194 1990 Oct.
1225 1953 1332 1990 Nov.

566 2078 600 2107 B.
644 2075 1181 2107 PERIPHERICAE.

312 2171 351 2211 8.
391 2173 432 2210 S.
472 2173 841 2211 concentrica.

573 2260 614 2292 oc,
646 2245 787 2282 sessilis

572 2318 618 2367 β,
650 2317 896 2371 pedicellata

208 2394 345 2431 Variat
375 2392 513 2431 colore
541 2396 683 2444 nigro,
723 2392 865 2438 fusco,
903 2392 1158 2443 rubiginoso.
1220 2392 1340 2429 Amat
1380 2400 1551 2429 truncos

208 2466 411 2506 betulinos
431 2477 471 2504 et
488 2467 640 2513 alneos,
666 2480 768 2519 quos
786 2467 930 2505 incolit
953 2469 1128 2518 passim;
1158 2475 1368 2513 autumno,
1400 2465 1547 2504 hieme.

309 2554 349 2593 9.
390 2542 430 2578 S.
466 2540 795 2579 rubiformis.

573 2629 614 2662 a,
647 2616 949 2667 circumscripta

570 2687 617 2736 β,
649 2686 778 2744 effusa
