1928 3051
1445 149 1460 157 νη

1431 156 1485 201 ²07

146 264 212 304 tali
240 264 473 317 discrepat,
505 267 707 305 varietatis
735 268 776 302 in
804 263 900 304 loco
931 265 1212 319 conjungenda
1230 266 1352 306 nobis
1375 267 1486 306 vide·

145 348 220 378 tur.
276 342 466 391 Speciem
504 350 649 378 contra
684 343 894 391 propriam
920 339 1000 390 ββ,
1031 350 1172 380 nostra
1197 341 1368 380 forsitan
1397 340 1486 380 effi-

145 427 238 450 cere
277 417 453 464 poterit:
500 423 664 465 praeter
699 407 846 466 plicam
888 417 996 452 enim
1032 417 1191 453 unicam
1228 415 1484 468 marginalem

143 487 374 525 annularem
403 487 643 539 plerumque
673 498 809 526 exacte
838 488 1105 527 orbicularem
1132 489 1373 528 laeviuscula
1406 501 1481 537 est,

142 574 284 611 parum
315 561 455 599 saltem
485 561 652 613 plicata;
684 575 811 612 porro
840 562 980 599 ostiolo
1011 563 1188 615 quodam
1217 563 1386 616 spurio?
1423 574 1485 602 tu-

143 633 308 673 berculo
346 637 533 672 nimirum
569 634 815 673 subcentrali
851 637 921 685 (in
951 651 991 684 α,
1024 637 1185 689 quidem
1215 651 1262 676 ae
1291 639 1342 675 X.
1365 633 1482 693 sagi-

142 722 213 745 neo
243 711 361 746 etiam
383 711 559 759 passim,
592 708 665 746 sed
684 712 816 747 minus
840 709 1057 756 distincte,
1090 711 1241 761 obvio)
1269 714 1480 759 instructa,

140 781 254 834 quod
283 782 408 819 semel
437 791 676 832 pertusum,
725 785 767 819 ni
807 782 959 821 fallacia
993 782 1144 822 subfuit
1180 787 1340 835 optica,
1380 788 1485 823 sicut

141 854 349 907 fungillum
387 858 522 906 ipsum
559 858 741 902 inanem,
791 856 976 895 vidimus.
1044 859 1154 894 Num
1183 857 1233 894 ad
1263 857 1484 909 Sphaerias

138 930 215 968 un&
246 943 338 968 culn
368 931 552 981 cognatis
581 929 704 967 modo
733 929 852 969 dictis
882 930 1194 969 translocanda?
1223 933 1264 968 in
1282 945 1327 970 re
1352 935 1483 983 impe-

135 1004 216 1042 dit&
247 1004 302 1042 nil
331 1002 561 1042 definimus.
605 1004 652 1041 In
680 1002 785 1042 foliis
815 1003 985 1056 dejectis
1015 1007 1135 1044 siccis
1166 1020 1207 1052 α,
1233 1003 1369 1052 alneis,
1399 1004 1479 1054 ββ,

139 1077 340 1116 betulinis:
392 1081 557 1130 parcior
584 1087 776 1130 utraque,
819 1078 922 1118 locis
961 1082 1104 1131 opacis
1132 1079 1334 1119 umbrosis
1363 1080 1481 1130 (stlo-

138 1152 268 1191 holzer
296 1152 469 1204 Haide).
526 1152 680 1205 Aprili,
710 1153 836 1191 Maio.

396 1313 436 1353 5.
498 1313 1213 1354 NAEMASPORA.

483 1424 533 1473 a)
590 1421 1127 1474 Sphaerioideae.

242 1523 328 1563 186.
374 1525 428 1562 N.
472 1524 900 1578 chrysosperma.

133 1598 345 1650 Frequens
373 1602 414 1635 in
441 1599 556 1651 lignis
585 1599 813 1651 popzclneis,
867 1599 991 1636 alneis
1027 1609 1132 1639 etc.:
1175 1603 1295 1638 etiam
1323 1603 1364 1639 in
1393 1615 1477 1641 sar-

132 1675 279 1711 mentis
320 1672 420 1712 Vz'tis
456 1669 656 1727 viniferae
692 1673 918 1713 demortuis
960 1674 1092 1713 obvia.
1165 1675 1358 1715 Perennis
1395 1690 1475 1728 pro

131 1749 290 1798 generis
329 1761 467 1786 more:
519 1757 704 1801 tempore
743 1749 881 1801 pluvio
913 1762 1159 1802 quocunque
1188 1750 1350 1790 cirrhos
1378 1764 1474 1803 pro-

130 1834 260 1861 mens.

238 1897 321 1947 187.
366 1897 419 1933 N.
458 1896 841 1948 leucosperma.

129 1970 305 2008 Truncis
335 1969 437 2008 haec
465 1971 603 2009 laetari
631 1972 790 2010 videtur
819 1976 1029 2026 compagis
1060 1974 1252 2014 durioris:
1284 1977 1325 2012 in
1358 1974 1471 2013 Ulmo

131 2045 370 2095 campestri,
405 2044 582 2097 Carpino
613 2056 692 2085 etc.
724 2050 964 2099 praesertim
993 2062 1016 2086 a
1043 2049 1161 2088 nobis
1191 2049 1416 2089 observata.

529 2172 577 2223 b)
632 2172 1059 2225 Amor-phac.

238 2266 321 2305 188.
363 2268 418 2306 N.
461 2282 667 2308 crocea.

128 2339 251 2392 Ligna
280 2345 522 2393 praeprimis
564 2341 738 2380 betulina
778 2343 854 2382 heic
883 2353 1027 2383 onusta
1054 2347 1310 2384 inveniuntur
1338 2347 1378 2384 in
1407 2359 1470 2385 re—

126 2414 312 2465 gionibus
342 2419 509 2455 nostris.
567 2417 776 2455 Autumno
806 2431 912 2457 sero.

236 2488 321 2540 189.
367 2491 421 2528 N.
461 2491 737 2543 populina.

131 2561 389 2601 Tuberculum
428 2565 670 2617 amorphum
699 2579 885 2618 magnum
918 2580 1125 2616 crassum,
1173 2567 1290 2608 fibris
1326 2568 1468 2622 ligneis

127 2638 410 2681 intertextum.
452 2640 771 2688 molliusculum,
814 2656 836 2681 e
865 2642 982 2681 viridi
1010 2645 1210 2695 nigricans
1236 2665 1287 2673 -
1318 2645 1465 2682 εἰννᾹ-ω.
