1928 3051
256 300 340 341 152.
386 303 427 343 S.
471 311 685 341 comata.

510 392 552 422 α,
584 387 677 413 acra

509 449 555 498 β,
579 446 701 506 fusca

507 538 578 576 Ὑγ,
608 535 731 561 ovata

144 596 311 634 Praeter
338 609 493 636 comam
521 599 682 635 verticis
709 599 1005 650 longissimam,
1036 611 1128 636 mox
1148 596 1484 650 fastigiato—con»

143 672 367 717 niventem‚
408 685 500 708 mox
537 672 630 723 plus
665 675 798 710 minus
836 672 1116 719 divaricatam,
1167 670 1269 709 basis
1298 676 1414 711 etiam
1443 677 1485 712 in

141 742 368 794 junioribus
416 745 654 795 capillorum
701 745 883 783 radiatim
941 745 1234 797 divergentium
1288 749 1483 786 circulum

140 817 317 867 amplum
347 817 518 855 densum
553 821 709 856 matrici
747 821 996 869 irrepentem
1041 820 1182 868 (basin
1210 820 1328 858 latam
1358 835 1483 873 quan—

140 889 257 937 dam,
300 894 414 929 cuius
445 900 587 929 centro
615 894 808 943 imposita
837 902 900 930 est
927 892 1164 944 sphaerula,
1210 893 1482 947 efficientem)

140 977 461 1016 quaquaversum
507 968 672 1004 emittit:
724 976 831 1005 totus
878 976 961 1004 tum
1002 980 1131 1018 porro
1169 967 1356 1020 fungillus
1390 970 1482 1021 pilis

139 1036 390 1077 brevioribus
427 1040 555 1078 hirtus
592 1050 669 1079 est.
735 1041 791 1078 At
829 1040 1062 1092 capillitimn
1101 1042 1210 1080 istud
1251 1045 1482 1081 universum

139 1110 334 1151 hactenus
363 1113 615 1166 descriptum
654 1115 756 1166 (pro
798 1113 911 1168 bysso
950 1115 1104 1152 advena
1132 1116 1250 1154 nobis
1279 1116 1481 1168 judiCibus

138 1198 392 1238 nequaquam
442 1188 699 1239 habendum)
746 1189 967 1227 admodum
1017 1189 1154 1241 fragile
1204 1191 1339 1241 paullo
1386 1203 1482 1243 post

139 1258 236 1297 hinc
263 1261 359 1298 inde
388 1265 488 1299 semi
505 1284 522 1291 -
542 1262 771 1301 diffractum
800 1277 847 1301 ac
871 1263 1127 1301 obliteratum
1150 1268 1353 1312 cernitur,
1386 1267 1481 1304 dein

138 1342 271 1371 totum
299 1338 420 1386 perit.
481 1337 655 1388 Capsulzi
686 1347 767 1374 tum
800 1337 956 1389 jamjam
993 1338 1209 1390 laevigata,
1258 1339 1331 1377 sed
1360 1344 1481 1378 verti-

139 1410 196 1445 cis
248 1412 425 1446 caesarie
473 1411 677 1462 aliquanto
725 1411 920 1449 solidiore
958 1414 1177 1449 etiamnum
1214 1416 1476 1463 persistente,

137 1483 319 1534 exempla
346 1494 486 1522 nostra
513 1487 675 1522 iconem
711 1484 940 1522 Todeanam
975 1485 1077 1523 adeo
1114 1496 1251 1524 exacte
1280 1487 1474 1535 referunt,

134 1566 178 1593 ut
204 1557 268 1594 vel
288 1557 390 1594 'inde
420 1558 698 1609 (quantumvis
728 1559 978 1605 mirabundi,
1017 1559 1226 1597 hirsutiem
1257 1560 1361 1599 illam
1391 1565 1479 1600 uni-

131 1631 325 1669 versalem
354 1631 586 1670 Dematium
617 1632 822 1684 quoddam
862 1634 925 1671 vel
955 1634 1214 1684 Conopleam
1255 1636 1476 1686 quadante-

130 1717 207 1742 nus
237 1706 513 1752 simulantem,
551 1709 776 1745 sexcenties
806 1720 827 1743 a
855 1707 977 1745 nobis
1008 1707 1285 1754 observatam,
1317 1714 1477 1748 auctori

131 1791 348 1831 numquam
385 1782 425 1817 in
473 1790 748 1831 conspectum
794 1783 981 1832 venisse)
1034 1784 1216 1833 speciem
1263 1787 1475 1835 propritim

132 1856 382 1891 constituere
410 1854 595 1906 religioni
633 1854 909 1894 habuerimus.
972 1855 1291 1907 Splzaerularum
1337 1850 1477 1896 cortex

131 1936 270 1974 tener,
323 1931 505 1966 omnium
544 1928 800 1980 fragillimus,
851 1930 1121 1981 capillatiienti
1156 1944 1280 1969 onere
1310 1942 1473 1971 vexatus

128 1999 293 2040 fissuras
323 2015 446 2053 saepe
474 2006 601 2042 varlas
629 2007 826 2055 acquirit.-
858 2014 965 2043 totus
996 2005 1160 2042 demum
1191 2005 1325 2044 calvus
1345 2007 1473 2044 lacer-

130 2089 208 2126 que
236 2077 539 2126 pessumdatur.
605 2078 720 2117 Intus
761 2079 998 2129 sphaerulae
1032 2079 1096 2117 vel
1123 2082 1263 2117 inanes
1292 2080 1355 2117 vel
1381 2081 1473 2131 pul-

128 2149 281 2187 visculo
328 2150 463 2188 subtili
512 2150 602 2188 albo
652 2153 901 2204 semiplenae
949 2156 1224 2204 reperIuntur.
1302 2155 1472 2205 Sparsae

128 2223 191 2260 vel
231 2222 535 2274 subgregarffle,
584 2239 675 2263 mox
713 2229 896 2265 minores
934 2227 1130 2278 globosae
1171 2227 1238 2282 (oc,
1269 2226 1346 2285 A>
1382 2242 1473 2265 mox

127 2295 303 2348 majores
334 2308 501 2345 ovatae,
533 2302 614 2337 imo
644 2300 872 2339 subter-etes
903 2301 1049 2352 (ψῃ),
1081 2310 1303 2339 nascuntur
1332 2303 1472 2340 imbri-

126 2369 204 2408 b'us
244 2374 418 2421 praeviis
464 2386 511 2409 ex
545 2372 760 2411 herbarum
809 2374 1036 2425 stipitibus,
1085 2376 1243 2426 stipulis
1287 2378 1471 2426 inprimis

126 2447 350 2496 graminum
388 2448 532 2492 siccis,
579 2456 783 2485 tectorum
822 2451 1012 2486 stramine
1050 2459 1156 2488 etc.:
1203 2448 1248 2497 β,
1288 2452 1468 2501 parcior,

127 2533 168 2565 a,
201 2528 242 2557 et
269 2533 341 2572 77²2
372 2523 606 2573 neutiquam
634 2535 761 2560 rarae.
826 2522 1035 2562 Autumno
1066 2523 1182 2564 tardo
1212 2533 1253 2563 et
1280 2537 1468 2576 praeser-

127 2594 197 2630 tim
226 2607 335 2632 vere⁵
