1928 3051
382 164 452 190 10¹)

378 270 518 321 Aprili.
575 268 728 306 Crebra
765 277 946 306 ceterum
985 267 1165 304 occurrit
1197 266 1360 315 species
1388 263 1609 316 elegantula
1636 277 1719 303 non

380 344 532 394 ··1»ix)·la
563 352 738 388 tautum,
780 354 921 379 verum
948 349 990 377 et
1016 342 1119 376 intra
1147 352 1318 379 acervos
1347 339 1563 378 humentes
1593 351 1719 390 quan-

379 419 516 469 doque
545 415 761 468 epipliylla.
820 415 1030 452 Perennis.
1071 408 1083 414 ’

485 490 574 542 276.
621 492 671 526 T.
709 491 860 527 varia.

746 579 787 609 a,
817 562 946 600 diluta

744 637 790 687 β,
822 632 1092 693 sacln-ufescens

387 714 474 750 Var.
528 728 568 760 a,
613 711 781 765 poxidiis
831 714 955 763 magis
997 709 1209 756 rotundis,
1262 708 1502 757 corticibus,
1555 712 1720 757 muscis,

386 790 589 826 Brassicac
620 786 799 826 caulibus
830 786 1120 838 semiputribus
1150 787 1270 825 siccis
1303 794 1382 823 etc.
1413 787 1599 836 inspersa
1629 785 1724 822 hinc

380 862 474 901 inde
505 862 684 900 obicint.
742 863 833 899 Nec
861 860 908 909 β,
940 859 1175 912 infrequens
1205 869 1290 905 est,
1335 859 1582 905 truncicola‚
1612 861 1722 910 peri-

381 937 456 975 diis
486 936 748 987 utplurimum
777 939 900 974 reni·
938 949 1010 974 seu
1039 933 1369 973 labael'ormibus.
1426 934 1635 971 Autumno
1666 936 1723 970 in-

381 1013 522 1063 primis
552 1020 592 1048 ct
620 1009 778 1061 hyeme.

762 1138 806 1186 c)
863 1131 1338 1191 FilisormeS.

489 1245 578 1283 277.
625 1233 678 1270 T.
716 1232 958 1283 Serpula.

385 1307 599 1345 Breviores
636 1305 828 1358 profecto
869 1315 964 1344 sunt
1000 1305 1326 1357 descriptiones,
1373 1318 1492 1357 quam
1527 1313 1591 1352 ut,
1640 1307 1725 1342 cui-

383 1394 475 1418 nam
512 1383 770 1432 potissimum
815 1383 992 1418 varietati
1035 1380 1292 1420 accensenda
1328 1382 1380 1418 sit
1415 1388 1579 1426 nostra,
1627 1392 1727 1430 pro-

384 1458 578 1494 nunciare
620 1455 854 1494 audeamus.
935 1455 1116 1494 Colorem
1156 1469 1178 1493 e
1216 1455 1321 1494 flavo
1359 1453 1731 1493 subfulvescentem

386 1530 659 1582 primordialis
687 1530 787 1583 jam,
818 1530 1078 1577 mollissima,
1108 1530 1310 1582 pulposa,
1342 1529 1507 1580 plenum
1536 1542 1615 1568 nec
1636 1529 1730 1566 ulla-

388 1615 505 1644 tenus
535 1605 630 1643 dein
657 1614 850 1643 mutatum
882 1604 1084 1644 ostendit:
1124 1604 1292 1642 domum
1321 1607 1375 1641 ita
1402 1604 1596 1649 delatam,
1629 1605 1732 1641 intra

387 1693 547 1731 paucos
576 1679 663 1718 dies
691 1679 876 1731 perfecte
908 1689 1170 1726 maturatam,
1211 1678 1448 1730 capillitium
1486 1691 1602 1716 suum
1632 1691 1733 1729 pro-

389 1752 626 1791 fundentem
654 1753 840 1792 vidimus.
906 1753 973 1791 Ad
1000 1756 1157 1791 unciam
1188 1763 1229 1792 et
1256 1754 1359 1791 ultra
1385 1752 1573 1791 lumbrici
1599 1752 1651 1790 ad
1680 1754 1732 1789 in-

388 1837 470 1866 star
497 1827 673 1866 flexuosa
712 1830 864 1879 serpit,
904 1828 1153 1866 semilincam
1178 1828 1277 1875 lata,
1324 1838 1432 1866 teres
1472 1837 1539 1865 aut
1578 1826 1731 1866 subde-

389 1916 546 1954 pressa.
620 1903 811 1941 Truncos
851 1901 1055 1941 betulinos
1091 1903 1273 1955 aliosque
1303 1905 1453 1955 passim
1483 1901 1591 1941 colit.
1647 1901 1732 1938 Au-

390 1986 531 2015 tumno
561 1979 802 2029 praesertim
832 1976 1020 2016 tardiore.

795 2108 858 2154 24.
914 2102 1335 2142 ARCYRJA.

496 2200 586 2252 278.
633 2200 684 2238 A.
726 2201 1137 2253 leucocephala.

389 2276 479 2314 Nos
507 2274 698 2326 fungum,
729 2278 770 2313 ni
799 2278 888 2327 quis
916 2278 1130 2327 proprium
1153 2287 1280 2327 genus
1302 2282 1592 2326 praeoptaret,
1626 2271 1731 2325 Phy-

391 2351 491 2387 saris
520 2349 771 2401 adscriptum
800 2348 1023 2388 mallemus.
1080 2351 1249 2389 Etenim·
1271 2349 1351 2387 huc
1379 2361 1465 2386 non
1485 2347 1623 2386 habitu
1645 2357 1733 2385 tan-

392 2434 500 2470 tum,
533 2427 634 2469 situ,
664 2424 760 2462 loco
778 2454 787 2472 ,
820 2425 1033 2476 capillum,
1070 2425 1249 2476 pulveris
1277 2423 1414 2462 indole
1441 2431 1563 2475 atque
1592 2421 1734 2460 colore

392 2498 577 2544 accedit·‚
624 2498 698 2536 sed
725 2512 777 2536 ne
805 2499 1009 2550 peridium
1039 2500 1200 2551 quidem
1228 2498 1279 2537 ad
1307 2500 1498 2536 amussim
1528 2497 1655 2543 ade-o,
1687 2509 1733 2534 ac

393 2571 664 2624 Arcyriarum
693 2586 784 2611 mos
815 2584 899 2620 est,
933 2573 1310 2620 circumscinditur‚
1341 2586 1420 2611 nec
1439 2573 1628 2622 superior
1649 2569 1735 2622 ejus

394 2659 488 2697 pars
519 2656 594 2684 tam
627 2647 762 2686 subito
794 2647 962 2686 evanida
988 2647 1229 2699 aliquamdiu
1249 2649 1390 2698 potius
1410 2655 1511 2698 post
1534 2645 1733 2697 dii-uptio-
