1928 3051
373 192 443 239 14‘0

368 309 554 345 varietas
582 305 773 344 annulum
800 303 851 340 ad
880 304 1027 354 stipitis
1059 301 1176 340 basin
1203 310 1366 353 gestans
1394 300 1513 342 nobis
1542 314 1705 355 quoque

370 381 488 419 obvia
518 382 604 418 fuit.
662 379 709 416 In
738 377 860 429 sylvis
889 380 1053 428 passini.
1108 378 1222 427 Sept.
1256 376 1352 416 Oct.

472 459 563 504 (4⁰7-
609 453 660 491 A.
701 450 1018 489 rubescens.

735 539 774 570 α,
806 525 1021 562 communis

374 601 480 640 Caro
517 600 612 652 pilei
650 602 847 650 stipitisve
888 598 1062 637 diffracti
1091 599 1209 636 citius
1239 597 1465 643 tardiusve,
1503 596 1577 635 sed
1598 583 1710 635 'con-

372 686 548 720 stanter,
588 674 794 712 rubescit:
842 683 884 711 et
926 673 1029 710 haec
1066 672 1229 724 quidem
1267 682 1364 709 nota
1399 670 1517 722 hujus
1555 673 1711 722 speciei

372 764 466 789 vere
496 750 699 787 diacritica
729 761 820 786 esse
849 747 1022 785 videtur.
1080 747 1178 785 Pilei
1207 749 1311 784 enim
1340 746 1517 784 colorem
1546 744 1712 783 variabi-

369 827 473 870 lem,
512 827 553 861 in
585 823 670 862 aliis
705 821 1015 867 rubescentem,
1057 823 1096 857 in
1134 821 1218 859 aliis
1253 820 1536 865 livescentem,
1584 818 1712 871 fuligi-

371 913 516 944 nvuin,
560 896 871 948 subhepaticum
909 916 961 924 —
989 894 1257 933 offendimus.
1325 893 1458 946 Stipes
1486 894 1709 940 biuncialis‚

375 972 660 1012 subbulbosus.
717 971 852 1021 Sapor
881 973 944 1008 vix
973 969 1088 1008 ullus.
1160 970 1353 1007 Occurrit
1379 971 1420 1006 in
1449 968 1568 1021 sylvis
1596 969 1715 1006 variis

373 1049 535 1085 minime
564 1059 671 1084 raro.
730 1046 951 1082 Autumno.

748 1175 812 1219 40.
870 1168 1349 1207 AGARICUS.

481 1281 585 1306 ons.
654 1266 802 1318 Ingens
840 1268 880 1303 in
918 1278 1067 1317 genere
1111 1267 1289 1302 omnium
1330 1264 1452 1315 longe
1490 1263 1717 1301 vastissimo

377 1341 771 1393 ilupeditissimoque
801 1340 1080 1378 characterum
1120 1338 1302 1376 tribubus
1331 1340 1531 1389 primariis
1562 1330 1718 1375 consti-

378 1416 538 1455 tuendis
568 1415 813 1454 idoneorum
841 1417 1012 1465 penuria
1041 1426 1131 1452 esse
1160 1413 1332 1451 videtur.
1374 1414 1464 1451 Nos
1491 1421 1603 1449 certe
1631 1423 1719 1449 non

376 1493 453 1529 nisi
480 1493 644 1528 unicum
673 1492 860 1527 novimus
890 1503 984 1526 vere
1022 1497 1280 1526 constantem
1307 1500 1386 1525 nec
1415 1487 1483 1524 ulli
1509 1498 1714 1537 umquam,

379 1574 571 1617 quantum
599 1564 794 1602 hactenus
825 1563 1043 1601 observare
1071 1562 1204 1609 licuit,
1239 1563 1450 1599 mutationi
1479 1561 1714 1606 obnoxium,

379 1642 418 1677 in
447 1639 576 1676 colore
604 1641 790 1675 nimirum
819 1636 1016 1688 pulveris,
1050 1637 1249 1673 seminalis
1277 1636 1396 1687 vulgo
1426 1635 1574 1680 habiti,
1605 1635 1719 1685 posi-

380 1726 488 1759 tuu1;
522 1725 720 1765 eumque,
752 1725 844 1750 cum
874 1711 1106 1760 (Coriaceis
1135 1713 1359 1762 paucisque
1384 1709 1517 1747 forsan
1537 1709 1622 1746 aliis
1651 1722 1720 1746 ex—

380 1789 535 1839 ceptis)
564 1787 781 1838 pleraeque
811 1789 972 1837 species
995 1786 1173 1824 chartam
1203 1799 1239 1823 v.
1267 1799 1303 1823 c.
1337 1786 1593 1835 scriptoriam
1619 1796 1720 1833 sup-

378 1865 556 1914 positam
594 1860 758 1912 pulvere
798 1863 877 1898 isto
915 1863 1017 1896 intra
1055 1860 1133 1897 diei
1178 1862 1393 1910 noctisque
1431 1860 1605 1909 spatium
1646 1869 1719 1894 co-

379 1939 498 1988 pi03e
528 1938 677 1973 emisso
708 1934 910 1972 luculente
928 1934 1196 1985 lubenterque
1218 1937 1387 1985 pingere
1410 1933 1580 1977 soleant,
1612 1930 1721 1968 haud

380 2010 482 2048 adeo
522 2008 726 2046 difficilem
767 2008 988 2059 exploratu.
1052 2008 1174 2045 Unde
1211 2006 1443 2059 jamdudum
1473 2009 1514 2043 in
1541 2015 1722 2043 mentem

381 2084 502 2122 nobis
539 2086 669 2128 venit,
722 2096 826 2120 anne
861 2081 1016 2120 familiis
1054 2081 1293 2133 quibusdam
1323 2080 1719 2131 Leucospermorum,

385 2157 829 2211 Erythrospermorum‚
862 2156 1221 2208 Melaspermorum
1243 2164 1324 2193 etc.
1356 2156 1610 2205 principibus
1633 2153 1722 2190 Per-

384 2233 598 2269 soonianae
627 2231 778 2277 tribus,
809 2233 851 2267 in
880 2230 1161 2268 secundarium
1191 2230 1267 2282 jain
1295 2229 1478 2266 ordinem
1507 2228 1720 2279 relegatae,

382 2309 531 2358 passim
569 2305 828 2356 (ubicunque
865 2317 1037 2342 necesse
1075 2307 1203 2342 visum
1241 2303 1407 2353 fuisset)
1449 2301 1593 2354 subjici
1621 2313 1721 2352 pos-

384 2382 503 2420 sent?
561 2381 644 2418 Has
690 2382 821 2426 enim,
873 2381 1052 2430 quamvis
1098 2378 1404 2430 haudquaquam
1455 2374 1721 2427 spernendas,

384 2470 402 2493 a
432 2459 542 2494 uotis
570 2465 704 2493 tamen
732 2467 855 2505 saepe
884 2456 1016 2491 minus
1043 2452 1254 2504 gravibus,
1300 2465 1378 2489 nec
1406 2451 1511 2488 adeo
1540 2453 1723 2503 proxime

385 2543 431 2567 ac
470 2529 533 2567 illa
571 2539 712 2567 nostra
748 2528 798 2566 ad
836 2526 1189 2565 fructificationem
1240 2526 1520 2577 spectantibus
1558 2527 1720 2576 petitas,

386 2603 575 2642 limitibus
605 2603 844 2654 plerumque
873 2605 967 2640 satis
1000 2604 1108 2653 vagis
1149 2599 1454 2646 circumscribi,
1493 2611 1616 2636 nemo
1645 2600 1723 2635 uti·-

389 2692 466 2729 que
494 2681 536 2716 in
564 2691 713 2729 genere
741 2687 883 2717 nostro
911 2676 973 2715 vel
1009 2675 1204 2714 tantillum
1232 2684 1414 2713 versatus
1443 2673 1617 2725 negabit.
1674 2673 1724 2710 Et
