1928 3051
1448 221 1522 260 219

180 315 374 354 Nascitur
401 319 442 355 in
469 320 619 370 pinetis
647 319 742 358 hinc
771 320 888 368 inde,
921 322 995 361 sed
1029 336 1173 374 parum
1201 323 1416 376 frequens:
1456 339 1521 365 se-

180 390 260 427 mel
289 390 408 428 etiam
437 392 488 430 ad
515 393 696 431 radicem
735 395 910 446 querens
947 396 1070 448 (See)
1101 402 1330 449 caespitosa
1358 411 1522 451 reperta

179 462 267 501 fuit.
324 465 536 505 Aestivalis
565 471 830 518 praesertim:
860 469 997 509 Junio.

283 537 374 588 643.
420 540 471 578 A.
516 541 568 579 O.
607 541 892 581 farinacea.

544 629 585 660 α,
616 616 756 653 ochreo
775 636 790 644 -
809 613 905 672 rufa.

541 687 587 737 (3,
619 689 770 726 rosella⁴

178 759 346 810 Species
376 770 439 798 est
467 775 489 799 e
518 761 824 813 vulgatissimis:
862 764 965 803 mire
993 766 1136 805 ludens
1166 767 1339 814 statura,
1371 768 1534 808 coloris,¹

175 833 509 880 adumbratione}
558 835 752 874 umbilico
804 839 1106 891 squaniulisque
1151 855 1261 879 nunc
1301 842 1515 890 distinctis,

175 919 284 944 nunc
313 910 374 944 vix
402 907 490 945 ullis
510 918 626 946 -etc.:
668 909 742 947 sed
782 909 966 948 lamellae
1005 913 1214 965 diagnosin
1254 914 1433 953 offerunt
1460 916 1518 955 fa-

176 980 294 1018 cilem
322 991 364 1019 et
393 991 531 1021 tutam.
590 982 723 1020 Picens
750 997 1056 1037 nonnumquam
1079 988 1392 1038 sennipellucens
1422 990 1518 1029 sub-

175 1056 358 1094 striatus:
399 1057 517 1106 stipes
552 1055 662 1094 haud
697 1071 789 1095 raro
829 1058 1349 1101 subfibrilloso-1·imosus.
1407 1065 1519 1103 Nus,-

175 1141 292 1180 quam
321 1128 406 1169 Fere
434 1144 520 1168 non
548 1135 751 1170 occurrit:
783 1146 915 1184 paene
945 1137 1152 1186 perennis.

660 1256 737 1308 bb)
792 1258 869 1297 Al
898 1259 923 1297 b
952 1272 973 1297 a
1003 1273 1038 1299 e.

276 1351 368 1402 644.
413 1352 465 1391 A.
506 1354 558 1391 O.
598 1355 852 1405 virginea.

540 1442 579 1473 οι,
611 1431 827 1466 communis

536 1500 614 1549 ββ,
648 1504 775 1539 tenuis

171 1572 323 1610 Differt
350 1587 430 1611 var.
462 1573 540 1623 ββ,
573 1576 733 1627 elegans
764 1576 901 1614 habitu
935 1587 1025 1615 toto
1057 1578 1303 1630 singulisque
1331 1580 1515 1630 partibus

170 1646 361 1685 omnibus
399 1648 524 1686 multo
563 1649 841 1688 tenuioribus:
892 1651 996 1701 pileo
1045 1652 1435 1692 submembranaceo
1475 1657 1517 1692 in

171 1731 356 1759 centrum
395 1735 524 1773 usque
561 1723 793 1774 pellucente
834 1725 1042 1772 striatulo,
1083 1729 1262 1778 margine
1299 1728 1516 1780 aequaliter

170 1804 211 1833 et
237 1809 410 1834 amoene
440 1809 563 1848 saepe
602 1798 816 1837 undulato:
856 1801 991 1852 stipite
1028 1800 1115 1842 basi
1153 1801 1316 1853 gracili,
1357 1809 1516 1842 sursum

170 1869 323 1908 Sensim
353 1873 586 1922 sensimque
614 1872 858 1924 aliquantum
890 1877 1141 1913 incrassato:
1182 1874 1338 1911 statur-12
1366 1888 1515 1927 proce-

167 1945 288 1981 riore.
346 1944 488 1995 Diligit
516 1945 603 1983 loca
632 1950 860 1998 graminosa
889 1958 1081 1987 montosa
1109 1949 1402 1995 subumbrosa,
1439 1949 1514 1986 du-

168 2017 245 2055 mis
275 2016 482 2057 frondosis
510 2019 632 2057 mixta
661 2021 725 2070 (v.
747 2035 784 2059 c.
814 2021 1065 2068 Solzlancler,
1097 2021 1305 2069 Liibauer,
1338 2023 1513 2074 Istinigs·

169 2089 325 2143 hayner
353 2093 533 2143 Berge):
577 2109 618 2140 a,
650 2095 692 2131 in
721 2099 872 2146 pratis,
914 2100 1090 2135 versuris
1128 2106 1208 2135 etc.
1250 2097 1404 2148 passim
1431 2096 1511 2135 Fre-

170 2178 315 2216 quens.
373 2166 556 2219 Utraque
585 2169 817 2219 Septembri
846 2179 886 2207 et
913 2174 1098 2222 apprime
1131 2183 1223 2223 sqq.

273 2238 362 2288 645.
409 2241 460 2277 Α.
505 2242 554 2278 Ο.
595 2242 899 2281 candicans.

171 2311 302 2349 Pileus
331 2313 571 2366 plerumque
613 2326 750 2354 exacte
789 2316 1067 2364 uinbilicatus‚
1107 2320 1235 2356 rarIus
1263 2320 1305 2355 in
1332 2317 1511 2356 infundi-

168 2385 249 2422 buli
279 2385 449 2424 formam
481 2392 705 2436 transiens,
743 2389 905 2428 demum
937 2391 1125 2430 sordens.
1185 2392 1290 2429 Hab.
1322 2393 1363 2429 in
1392 2393 1511 2445 sylvis

169 2462 284 2498 variis
313 2462 490 2512 passini:
523 2463 585 2511 (v.
618 2477 654 2502 c.
689 2464 898 2502 Molzolzer
928 2465 1084 2509 Haicle;
1115 2465 1342 2504 Sohlandct·
1362 2468 1508 2517 Berg).

168 2534 245 2572 Per
273 2544 402 2572 totuin
433 2547 682 2576 autumnum.

272 2608 361 2659 646.
408 2610 457 2648 A.
501 2612 553 2649 O.
594 2612 952 2665 phyllophila.

175 2682 299 2720 Pileus
335 2698 459 2736 saepe
497 2685 903 2737 infumlibuliformis,
944 2688 1156 2728 biuncialis
1185 2698 1226 2728 et
1254 2690 1368 2728 ultra.
1427 2689 1509 2727 La·
