1928 3051
415 241 486 292 176

514 358 605 408 507.
653 357 704 394 A.
745 355 799 393 G.
839 353 1131 394 nebularis.

411 432 594 476 Solidus‚
627 429 751 468 durus
768 459 776 475 ,
808 432 953 481 gravis.
1003 428 1104 466 Ρίίεὶ
1132 428 1257 467 umbo
1284 431 1478 482 nigricat3
1509 442 1646 482 margo
1671 434 1752 482 pri·

410 519 478 543 mo
510 503 624 542 valde
653 503 877 541 revolutus.
923 502 972 541 In
1000 503 1120 554 sylvis
1142 506 1292 554 passim
1312 501 1600 555 (Lohgrubcm
1629 504 1754 542 Dich-

410 594 472 617 ser
497 578 690 628 Anl‹tgen
718 579 827 628 etc.)
856 578 969 628 Sept.
1002 587 1043 615 et
1071 590 1187 630 seqq.

515 652 605 691 508.
653 652 703 690 A.
745 651 799 690 G.
842 651 1043 703 pullus.

411 726 547 766 Pileus
575 726 625 764 ad
654 725 678 763 6
707 728 846 764 uncias
883 726 992 763 haud
1027 738 1119 763 raro
1161 725 1371 771 dilatatur,
1419 724 1589 775 planus,
1634 725 1756 763 disci-

409 801 578 839 formis:
612 813 914 839 consenescens
945 800 1111 851 byssum
1141 799 1340 850 quandam
1364 798 1640 850 lanuginosam
1661 797 1756 836 albi-

411 875 502 913 dam
541 888 722 925 sparsam
762 875 1016 926 saepiuscule
1060 874 1141 912 alit.
1200 875 1322 912 Locis
1352 873 1559 911 umbrosis
1587 871 1755 911 frondo-

412 953 466 988 sis
495 961 621 1001 aeque
650 962 698 987 ac
726 952 906 987 acerosis
935 951 1085 1000 passim
1108 947 1273 986 obvenit
1290 947 1625 999 (Scho'pswiesem
1657 946 1754 985 Soh-

411 1022 553 1060 [ander
583 1023 715 1074 Bet-g)
744 1023 880 1074 paullo
911 1022 1085 1060 tardior:
1118 1022 1254 1060 medio
1285 1022 1462 1061 Octobri
1490 1032 1531 1059 et
1559 1021 1676 1059 ultra.

515 1099 606 1149 509.
651 1097 698 1134 A.
738 1097 791 1135 G.
835 1097 1205 1147 adstringens.

777 1169 824 1218 β,
857 1170 1051 1208 Placenca
1080 1168 1241 1206 Batsch.

412 1244 570 1290 Pauca,
607 1257 709 1296 quae
738 1243 789 1281 de
819 1243 942 1294 fungo
975 1243 1218 1280 Batschiano
1247 1245 1288 1279 in
1319 1241 1490 1295 Synops.
1521 1241 1576 1279 11.
1607 1255 1651 1292 p.
1680 1239 1754 1279 351

412 1317 659 1364 afferuntur,
691 1321 788 1356 satis
818 1317 981 1369 quidem
1009 1317 1159 1355 idonea
1187 1326 1306 1355 sunt:
1336 1330 1439 1354 anne
1463 1326 1596 1354 tamen
1615 1323 1759 1354 noster

412 1392 464 1430 ad
486 1391 532 1431 G.
558 1391 777 1429 hortensem
805 1394 979 1442 propius
1003 1390 1233 1442 pertineat?
1261 1390 1443 1428 nondum
1464 1388 1585 1428 nobis
1603 1388 1759 1440 liquere

412 1465 598 1505 fatemur.
657 1465 790 1517 Stipes
819 1465 1013 1504 deorsum
1045 1465 1390 1511 subincrassatus,
1423 1474 1605 1502 ceterum
1633 1471 1756 1509 teres,

415 1543 605 1587 strictus,
653 1539 807 1579 solidus
847 1539 911 1577 vel
948 1539 1172 1585 subcavus,
1212 1539 1458 1585 triuncialis,
1508 1542 1534 1587 4
1561 1537 1630 1575 lin.
1670 1534 1756 1574 fere

415 1628 600 1660 crassus,
632 1613 742 1665 pileo
773 1613 996 1659 concolor,
1030 1613 1102 1652 sed
1131 1614 1309 1652 dilutIOr.
1352 1612 1561 1650 Larnellae
1581 1610 1757 1648 adnexae

414 1688 486 1727 sed
517 1701 598 1726 non
623 1688 888 1726 decurrentes
906 1717 914 1733 ‚
946 1687 1187 1734 distinctae,
1219 1687 1475 1732 latiusculae,
1507 1700 1552 1723 ex
1572 1684 1664 1723 albo
1687 1683 1759 1722 de-

414 1775 523 1800 mum
552 1771 725 1800 saturate
755 1774 937 1800 carneae.
1000 1761 1129 1798 Pileus
1165 1761 1432 1807 umbonatus‚
1477 1763 1586 1797 circa
1613 1758 1760 1796 umbo-

414 1848 508 1873 nem
547 1835 791 1886 depressus,
834 1845 1013 1873 ceterum
1055 1835 1351 1887 planiusculus,
1389 1833 1548 1887 glaber,
1589 1832 1759 1872 subcar-

413 1921 565 1955 nosus,
610 1912 765 1956 tenuis,
796 1908 1114 1960 fragiliusculus,
1156 1909 1366 1948 biuncialis
1394 1908 1503 1955 fere,
1545 1907 1759 1958 fuligineu-

415 1986 627 2021 cinereus:
679 1982 764 2035 ejus
810 1981 1029 2020 substantia
1078 1988 1306 2035 spongioso
1332 2006 1352 2012 -
1377 1996 1530 2035 aquosa
1577 1981 1755 2020 humida.

417 2056 552 2109 Sapor
581 2056 731 2095 odorve
769 2057 984 2096 distinctus
1021 2058 1168 2096 nullus.
1225 2058 1273 2096 In
1302 2058 1506 2110 sylvaticis
1535 2057 1759 2095 umbrosis-

415 2133 525 2169 simis
566 2130 736 2168 madidis
775 2131 1012 2179 (Nloholzer
1041 2131 1176 2169 Haide
1213 2135 1390 2184 passi1n;
1438 2131 1757 2184 Sclziipsztiesen)

415 2203 591 2242 abunde.
649 2204 894 2255 Septembri.

519 2278 610 2317 510.
657 2278 708 2316 A.
749 2278 801 2317 G.
841 2279 1244 2331 tephroleucus.

417 2350 563 2392 Obiter
600 2355 816 2404 inspectus
859 2352 905 2391 G.
937 2353 1165 2392 limacinum
1204 2367 1295 2394 sese
1333 2353 1450 2394 facile
1489 2357 1707 2402 mentitur,
1737 2367 1763 2392 a

415 2440 496 2477 quo
526 2437 661 2464 tamen
690 2427 804 2465 valde
834 2428 1037 2466 diversum
1069 2432 1244 2468 curatius
1275 2432 1424 2468 evincit
1452 2443 1628 2468 examen.
1672 2429 1759 2482 Syl-

414 2513 482 2538 vas
513 2499 588 2538 sibi
627 2501 736 2553 eligit
774 2506 1013 2553 praesertim
1051 2503 1245 2542 abietinas
1280 2514 1490 2543 montosas
1527 2516 1756 2550 muscosas,

415 2576 457 2610 in
486 2573 631 2625 quibus
661 2575 853 2628 frequens
883 2587 1063 2629 occupat
1089 2578 1177 2616 loca
1205 2577 1430 2625 humentia,
1461 2579 1584 2617 latera
1610 2578 1759 2616 rivulo-

416 2660 505 2684 rum
534 2658 614 2687 etc.
658 2651 719 2700 (v.
752 2664 789 2689 c.
823 2651 1082 2695 Eulenwalcl;
1117 2649 1370 2709 Arnsdotfer
1409 2653 1578 2704 Berge).
1633 2652 1709 2692 Est
1736 2665 1758 2690 e

419 2722 666 2771 serioribus‚
697 2727 836 2776 vigens
863 2729 1047 2778 inprimis
1077 2726 1267 2765 Octobri.
