1928 3051
1448 202 1519 257 157

171 330 358 360 rosarum
385 319 476 358 udis
503 319 601 359 hine
636 320 755 370 inde,
794 320 992 361 aestivalis
1027 335 1156 376 aeque
1184 336 1232 362 ac
1260 323 1514 362 autumnalis,

173 392 316 442 sunio,
347 394 453 432 Julio
484 405 526 433 et
553 408 670 448 seqq.

407 519 463 571 b)
517 519 763 568 Flavi,
817 521 1124 560 virides
1181 533 1279 562 ecc.

275 620 367 668 479.
412 617 465 655 A.
508 617 563 656 G.
602 616 992 658 flavo-virens.

537 705 577 736 α,
608 691 790 742 vulgaris

533 762 615 812 2313,
644 766 860 815 pinastreti

172 836 302 875 Pileus
329 838 371 874 in
404 851 445 882 α,
487 835 653 883 firmus,
702 849 963 890 compactus,
1003 840 1324 892 subinaequalis,
1366 845 1519 894 irregu-

168 911 304 949 lariter
331 910 578 962 depressus,
609 911 805 958 flavidus,
838 914 908 951 sed
939 914 1055 952 disco
1081 915 1343 965 utplurimum
1373 916 1517 954 subru-

166 984 352 1031 fescens,
384 985 617 1037 ibidemque
639 986 706 1035 (in
735 987 928 1037 exemplis
954 987 1295 1040 perfectioribus)
1325 1004 1515 1042 squamu-

165 1059 212 1097 lis
251 1058 715 1111 fusco—nigriCantibus
756 1064 1017 1112 conspicuus.
1085 1063 1234 1102 Subtus
1273 1065 1388 1102 color
1424 1068 1515 1103 uni—

169 1123 286 1171 color
313 1134 443 1171 vivide
482 1136 650 1173 citrinus
688 1138 771 1173 sive
801 1135 1068 1186 sulphureus,
1116 1140 1150 1176 si
1178 1152 1364 1189 squamas
1395 1152 1513 1178 exce-

166 1210 277 1259 peris
315 1208 491 1260 (easque
523 1223 647 1261 saepe
676 1210 935 1261 obliteratas)
976 1212 1124 1262 stipitis
1149 1234 1203 1241 —
1231 1223 1414 1251 ceterum
1444 1228 1513 1254 va-

165 1282 254 1326 lidi,
286 1283 566 1329 crassiusculi,
613 1284 743 1322 brevis
774 1297 845 1322 seu
874 1284 1121 1332 mediocris,
1160 1289 1297 1333 rarius,
1318 1288 1508 1340 elongati,

165 1356 407 1409 plerumque
448 1360 601 1396 teretis.
666 1360 765 1397 vias
805 1361 1026 1410 praecipue
1058 1373 1251 1399 arenosas
1280 1364 1511 1412 pinetorum

165 1432 327 1470 assidue
356 1435 595 1478 comitatur,
634 1433 789 1485 glareae
826 1433 995 1484 glebulis
1026 1446 1148 1484 saepe
1177 1437 1404 1486 inquinata,
1442 1451 1512 1476 au-

167 1515 307 1543 tumno
340 1507 512 1545 tardiore
543 1509 639 1546 Oct.
671 1509 780 1545 Nov.
847 1508 949 1544 Cum
992 1507 1069 1545 hac
1097 1507 1303 1548 coloribus
1331 1511 1510 1563 locoque

167 1584 361 1617 convenit
388 1579 493 1628 fist:
530 1581 603 1619 sed
633 1582 754 1618 distat
782 1581 941 1617 statur&
969 1584 1126 1619 minore
1156 1583 1291 1633 (pileo
1321 1583 1510 1623 biunciali

164 1653 249 1692 fere
278 1656 408 1704 etc.),
442 1653 577 1690 habitu
608 1655 734 1692 multo
766 1658 975 1701 tenuiore,
1008 1657 1305 1707 squamularum
1326 1657 1505 1707 defectu,

164 1738 205 1767 et
233 1732 471 1780 praesertim
502 1728 670 1766 Iamellz‘s
705 1729 818 1767 valde
859 1728 1056 1768 confertis
1093 1733 1270 1782 angustis
1299 1745 1347 1769 ac
1377 1736 1510 1771 tenui-

162 1802 240 1842 bus
267 1825 320 1832 —
347 1803 455 1841 unde
482 1817 505 1841 a
534 1804 702 1854 propi-izi
742 1806 881 1855 specie
920 1804 1027 1842 haud
1066 1818 1162 1842 sane
1192 1806 1337 1856 procul
1363 1806 1508 1846 abesse

162 1880 246 1915 visa
273 1877 360 1916 fuit.
434 1877 515 1915 Sed
551 1891 602 1914 ne
639 1878 735 1930 quid
771 1891 1055 1929 praepropere
1091 1892 1330 1930 ageremus,
1382 1882 1508 1920 semel

163 1953 289 1990 modo
321 1951 560 2001 (Tre—busset-
580 1952 719 2003 Allee)
748 1955 788 1990 in
818 1956 1044 2003 pinastreto
1069 1955 1182 1991 sicco
1200 1965 1404 2005 repertam
1426 1956 1507 1994 huc

162 2026 451 2077 apponendam
492 2026 690 2065 duximus.
764 2027 949 2079 Utraque
987 2038 1170 2065 ceterum
1210 2029 1387 2067 inodora
1427 2040 1501 2069 est.

162 2100 475 2138 Praecociorem
503 2100 715 2139 habuimus
744 2099 823 2150 ββ,
855 2104 1018 2140 ineunte
1048 2101 1293 2153 Septembri.

264 2174 356 2223 480.
402 2175 453 2212 Α.
492 2174 543 2213 G.
584 2174 984 2213 leucoxanthus.

163 2247 295 2285 Pileus
325 2248 466 2287 colore
495 2251 618 2286 variat
646 2248 764 2295 albo,
802 2249 977 2299 paHIdo,
1037 2249 1148 2296 lavo,
1191 2249 1265 2288 sed
1293 2251 1386 2302 pilis
1415 2250 1504 2289 lon-

159 2322 445 2375 gitudinalibus
481 2322 689 2373 adpressis
726 2323 1015 2374 nigricanthus
1053 2337 1218 2375 semper
1250 2327 1386 2375 pictus
1415 2336 1500 2374 est3

159 2398 380 2435 triuncialiS
410 2406 591 2435 ceterum
622 2405 662 2433 et
689 2397 802 2434 ultra.
859 2397 994 2449 Sapor
1032 2397 1215 2450 odorque
1252 2400 1504 2440 mitiusculus

153 2473 201 2508 .in
227 2474 394 2509 nostris.
463 2472 672 2522 Frequens
713 2474 896 2509 occurrit
922 2475 965 2508 in
992 2475 1228 2523 pinastretis
1259 2476 1502 2526 ericetisque

160 2547 306 2590 siccis,
339 2547 457 2582 etiam
484 2545 780 2596 apriciusculis.
837 2547 952 2598 Sept.
982 2546 1079 2585 Oct.

261 2619 354 2669 481.
400 2620 451 2658 A.
495 2618 543 2656 G.
582 2619 834 2657 rutilans.

525 2708 566 2739 a,
598 2694 811 2731 communis
