1928 3051
399 235 474 261 212

397 341 588 393 frequens
628 337 862 389 (Dloholzer
896 337 1051 381 Haide;
1091 337 1408 393 Hb‘nigshayner
1438 339 1594 393 Berge)
1623 342 1735 394 Sept.

399 417 495 453 Oct.
1364 421 1369 426 ’

500 487 591 526 6ι8.
636 487 687 525 A.
728 486 780 524 R.
819 486 1010 525 lactea.

398 561 528 599 Pileus
556 574 678 612 saepe
706 574 876 613 prorsus
904 560 1042 600 albus:
1073 560 1144 598 alifi
1176 569 1310 600 tamen
1336 564 1426 601 vice
1444 563 1625 602 viredine
1644 563 1741 616 quii-

396 635 485 673 dam
516 635 678 673 sordida}
708 635 800 687 plus
828 638 961 674 minus
990 636 1146 674 intensa
1173 635 1357 683 afflatus,
1389 637 1496 676 unde
1525 639 1739 689 (praeser-

396 712 465 746 tim
507 723 598 746 cum
636 709 820 746 lamellae
858 709 964 748 haud
996 723 1088 747 raro
1121 712 1237 747 etiam
1269 710 1446 749 furcatae
1475 714 1578 763 sint)
1617 715 1658 749 in
1689 711 1735 749 R.

386 779 598 839 sut-catam
627 783 824 835 gradatim
862 784 917 822 ita
957 787 1119 832 transit,
1161 794 1206 822 ut
1242 785 1390 824 limites
1420 789 1521 824 certi
1549 785 1646 823 nulli
1673 786 1738 823 in—

393 860 617 896 veniamur.
678 857 812 910 Sapor
840 861 961 897 mitis.
1027 859 1076 897 In
1105 859 1228 912 sylvis
1256 863 1499 912 praesertim
1526 859 1736 899 frondosis

392 930 501 969 haud
527 945 630 970 rara.
687 933 792 984 Aug.
824 934 930 985 Sept.

638 1057 685 1108 b)
744 1058 1496 1111 Erythrocephalae.

493 1152 585 1205 619.
632 1153 682 1191 A.
723 1154 774 1191 R.
817 1167 1061 1193 rosacea.

756 1241 797 1274 α,
831 1241 994 1264 rosacea

389 1299 437 1338 In
466 1299 658 1351 exemplis
698 1301 890 1340 senilibus
927 1302 1055 1353 pileus
1094 1315 1215 1354 saepe
1253 1303 1457 1353 reperitur
1484 1301 1734 1354 subdepres-

389 1387 484 1421 sus;
524 1378 565 1413 in
593 1378 746 1420 uostris
777 1385 959 1414 ceterum
994 1376 1258 1428 utplurimum
1294 1376 1508 1428 insipidus.
1565 1377 1737 1415 Statura

387 1450 519 1495 varia;
551 1448 755 1487 interdum
785 1452 881 1488 satis
910 1453 1080 1502 ingens,
1123 1451 1232 1503 pileo
1260 1450 1392 1499 4-5
1421 1463 1511 1489 unc.
1540 1451 1621 1489 lato
1652 1461 1733 1491 etc.

387 1523 436 1561 In
481 1524 600 1576 sylvis
651 1523 836 1563 abietinis
881 1524 1048 1577 alfisque
1089 1525 1186 1563 hinc
1223 1524 1318 1563 inde
1355 1538 1443 1563 non
1479 1524 1733 1579 infrequens.

388 1598 530 1636 Medio
560 1607 770 1636 autumno.

491 1671 582 1709 620.
629 1672 678 1708 A.
720 1672 771 1709 R.
815 1675 1051 1710 emetiea.

387 1746 557 1797 Species
586 1758 784 1797 perquam
811 1746 1009 1785 variabilis
1050 1745 1182 1798 quoad
1215 1747 1533 1799 magnitudinem
1563 1748 1734 1789 coloris*-

388 1832 467 1870 que
496 1819 538 1856 in
565 1820 670 1870 pileo
700 1834 746 1858 ac
777 1821 911 1872 stipite
949 1823 1246 1859 intensitatem:
1283 1822 1515 1873 pervulgata
1543 1826 1586 1859 in
1614 1823 1734 1875 sylvis

385 1894 628 1945 praesertim
656 1897 864 1952 acerosis,
906 1909 1003 1947 quas
1042 1905 1223 1948 occupat
1255 1895 1351 1934 iude
1380 1909 1402 1934 a
1429 1897 1536 1934 Julio
1564 1911 1639 1948 per
1668 1907 1733 1936 to-

387 1976 470 2004 tum
499 1977 751 2005 autumnum.

491 2041 583 2080 621.
631 2042 680 2078 A.
723 2042 775 2080 R.
818 2042 1116 2094 depallens.

389 2114 553 2153 Crescit
591 2116 633 2152 in
661 2116 814 2167 pinetis
843 2119 996 2155 nostris
1026 2117 1123 2154 hinc
1160 2117 1254 2155 inde
1293 2118 1357 2167 (e.
1388 2130 1426 2169 g.
1459 2119 1729 2163 Hci‘sclachen,·

387 2188 510 2235 δαν,
543 2189 777 2237 ΠΙοῘιοίῑεν,
813 2183 1034 2228 Odernizer
1063 2188 1218 2243 Bus'ch)
1245 2191 1347 2231 locis
1375 2194 1554 2244 apprime
1582 2193 1733 2232 siccio-

385 2262 498 2301 ribus
529 2263 664 2302 nudis.
722 2265 907 2316 Augusto
938 2274 979 2303 et
1007 2277 1119 2317 seqq.

490 2337 581 2376 622.
628 2338 678 2377 A.
720 2339 772 2377 R.
816 2339 1048 2390 fragilis.

384 2411 420 2448 A
458 2411 507 2449 R.
541 2412 696 2458 nitida,
739 2415 803 2451 cui
841 2413 1019 2465 desuper
1055 2417 1241 2466 inspecta
1277 2414 1419 2454 similis
1455 2425 1542 2463 est,
1580 2415 1731 2454 affatim

386 2485 595 2537 discrepat
622 2487 788 2525 lamellis
819 2487 1016 2526 candidis.
1076 2488 1209 2526 Pileus
1245 2492 1423 2540 margine
1451 2493 1604 2536 tenuis,
1642 2490 1733 2541 pel·-

383 2559 549 2607 lucens,
582 2561 838 2601 substriatus.
897 2562 1089 2600 Gramina
1125 2573 1229 2601 amat
1256 2563 1440 2602 locorum
1468 2562 1726 2611 feraciorum,

384 2634 629 2687 umbrasque
657 2635 849 2675 fruticum
875 2635 1165 2676 frondosorum
1181 2667 1189 2683 ‚
1221 2637 1329 2675 haud
1350 2637 1584 2691 infrequens
1606 2637 1730 2677 nobis

382 2708 476 2747 hinc
505 2709 627 2748 illinc.
682 2710 850 2750 Aestate
878 2710 1050 2751 finiente
1079 2721 1121 2750 et
1147 2721 1354 2752 autumno.
