1928 3051
238 1056 316 1087 Tab.
333 1056 360 1086 Ῑ.

407 216 421 239 Ᾰ
428 214 452 237 O
949 223 1183 230 -—---.-..--

401 327 588 355 mortuos
619 327 724 355 totos
753 316 988 360 obducens,
1029 314 1195 351 Betulae
1225 324 1360 351 tamen
1387 315 1497 365 apud
1525 328 1600 353 nos
1628 328 1743 366 prae-

402 394 543 441 primis
574 390 741 441 cupida,
774 391 1013 440 plerumque
1047 387 1343 426 subeor-ticalis.
1401 388 1610 426 Perennis.

508 466 572 502 28.
619 466 659 502 S.
699 463 1039 500 flavovirens.

769 550 809 581 α,
840 533 1131 571 subrotundata

768 607 814 657 β,
845 606 975 664 effusa

403 699 443 729 a,
475 697 551 734 per
580 683 875 734 epidermidem
907 694 1150 733 erumpens,
1183 681 1412 733 pulvinata,
1453 694 1575 733 saepe
1604 669 1745 733 asper-

400 761 522 803 rhna,
554 760 595 794 in
626 757 751 793 Pruni
780 758 986 808 spinosae,
1031 757 1161 792 Hosne
1190 770 1358 792 (anniae
1386 765 1465 793 etc.
1499 758 1618 794 ramis
1651 768 1745 806 pas—

402 835 502 870 sim:
541 829 587 879 β,
618 834 658 868 in
687 831 801 883 lignis
830 830 948 868 nudiS
979 829 1089 867 duris
1119 829 1293 867 abunde.
1353 830 1483 867 Huius
1514 832 1746 866 varietatem

400 905 463 943 bis
505 915 616 943 terve
654 904 865 942 habuimus
903 913 1098 942 stromate
1143 903 1440 955 subcompacto
1477 906 1648 955 opacius
1685 906 1745 941 vi-

400 989 516 1017 rente
547 979 792 1017 distinctam.
850 978 976 1015 Vere.

508 1066 572 1104 29.
619 1054 659 1090 S.
702 1052 1046 1090 luteanoms.

403 1125 444 1163 S.
476 1126 746 1177 (composita)
793 1124 1019 1177 polystichcz
1061 1138 1195 1160 crassa
1243 1125 1385 1173 nigra,
1433 1123 1541 1160 disco
1584 1123 1744 1161 subcon-

403 1214 500 1235 cavo
520 1201 763 1249 ,rszarginctco
795 1213 965 1248 rugoso,
1003 1210 1195 1235 stromate
1220 1197 1494 1250 pulverulento
1525 1198 1641 1235 luteo.

496 1273 606 1310 Intra
651 1272 747 1324 ligni
792 1274 1050 1323 semiputris‚
1108 1273 1218 1310 serra
1266 1275 1464 1316 truncati,
1514 1272 1747 1310 cavernulas

401 1346 648 1398 iissurasque
678 1349 731 1383 ila
758 1346 961 1383 nidulatur
989 1346 1142 1383 haecce
1172 1345 1316 1396 Sphaei
1347 1359 1386 1391 Ἰ,
1429 1355 1473 1382 ut
1501 1344 1585 1397 ejus
1616 1346 1747 1395 (luteo

404 1423 670 1458 circumcirca
711 1419 850 1457 colore
889 1422 983 1458 satis
1023 1420 1100 1457 alte
1140 1418 1309 1470 imbuti)
1353 1418 1454 1470 jugis
1483 1418 1749 1472 apicibusque

402 1493 699 1546 inaequalibus,
732 1503 921 1544 tanquam
950 1493 1230 1539 maceriebus,
1269 1492 1379 1530 haud
1406 1506 1496 1530 raro
1533 1506 1656 1544 supra
1689 1494 1748 1531 di—

402 1579 517 1605 scum
548 1567 900 1618 prominentibus,
932 1567 1186 1618 saepiuscule
1216 1566 1402 1605 transfixa
1429 1569 1493 1604 sit.
1536 1568 1747 1604 Placentas

404 1640 563 1679 exhibet
593 1654 753 1691 sparsas
782 1641 846 1678 vel
882 1644 1113 1692 contiguas,
1154 1640 1430 1678 subi-mundas
1459 1641 1522 1677 vel
1551 1641 1747 1693 oblongas

404 1714 599 1766 (quarum
628 1717 801 1752 maiores
831 1724 925 1752 sunt
953 1714 1138 1752 diametri
1166 1714 1422 1752 semuncialis
1447 1713 1547 1761 fere,
1577 1720 1602 1764 4
1622 1715 1746 1754 lineas

403 1789 615 1838 crassae),
646 1801 740 1825 mox
772 1797 947 1834 teretes,
991 1801 1080 1825 mox
1108 1801 1130 1825 e
1159 1787 1245 1825 basi
1272 1788 1487 1825 rotundata
1515 1793 1747 1840 angustiore

403 1874 563 1899 sursum
593 1861 838 1912 aliquantum
867 1865 1130 1900 incrassatas:
1177 1859 1370 1898 lateribus
1407 1862 1502 1900 hinc
1531 1863 1625 1901 inde
1654 1864 1749 1902 sub-

403 1934 577 1986 gibboso
597 1957 616 1963 -
634 1935 838 1973 lacunosis
862 1935 1136 1973 laeviusculis:
1178 1934 1285 1971 disco
1311 1945 1496 1973 truncato
1518 1941 1750 1976 concavius-

405 2009 521 2054 culo,
575 2009 723 2045 ostiolis
769 2008 1086 2060 subprominulis
1133 2012 1283 2060 passim
1328 2009 1546 2059 perforatis
1581 2025 1744 2062 rugoso,

404 2082 589 2132 margine
625 2083 857 2133 prominulo
897 2085 1045 2120 cincto.
1119 2082 1283 2121 Scmma
1323 2072 1426 2121 laete
1454 2098 1502 2122 ac
1530 2085 1661 2122 vivide
1689 2085 1748 2122 lu-

405 2166 540 2202 teum,
589 2155 749 2193 demum
794 2160 1035 2207 praesertim
1074 2160 1116 2194 in
1151 2157 1363 2208 placentae
1390 2158 1478 2196 basi
1507 2169 1746 2206 canescens,

405 2242 528 2280 supra
555 2228 739 2281 infraque
776 2230 1121 2280 pulverulentuu'i,
1172 2241 1212 2267 at
1247 2222 1373 2270 inter
1396 2233 1632 2283 sphaerulas
1669 2247 1746 2284 pro

404 2303 644 2354 unaquaque
703 2304 916 2341 condenda
971 2305 1132 2343 cellulas
1189 2319 1441 2357 papyraceas
1495 2309 1749 2346 tenuissimas

404 2376 656 2426 polluceiites
685 2376 851 2416 flavidas
882 2377 1115 2417 efformans.
1176 2380 1425 2432 Splzaerulae
1453 2391 1590 2419 tetra-
1617 2395 1649 2420 s.
1677 2382 1748 2419 he—

403 2450 629 2497 xasticliae,
680 2450 808 2489 dense
839 2462 1124 2501 coacervatae,
1171 2457 1349 2493 minores
1377 2455 1594 2507 majoribus
1623 2458 1750 2494 inter—

406 2526 574 2569 mixtae,
615 2534 754 2562 ovatae
783 2525 1159 2578 subglobosaeque:
1204 2528 1443 2580 plerasque,
1485 2532 1603 2566 etiam
1629 2532 1744 2577 imas,

406 2597 578 2634 vidimus
605 2600 771 2644 inanes,
803 2602 957 2649 tapetio
987 2613 1060 2638 suo
1088 2600 1273 2639 indutas:
1321 2600 1373 2639 cf.
1403 2601 1486 2640 huc
1515 2616 1616 2652 quae
1645 2606 1747 2641 scri-

406 2672 562 2720 psimus
603 2670 654 2707 ad
690 2672 743 2708 N.
777 2671 840 2710 23.
917 2673 966 2710 In
1007 2673 1123 2712 disco
1166 2677 1297 2712 trunci
1334 2678 1441 2714 unici
1479 2676 1584 2714 alnei
1620 2680 1748 2728 putri-
