1928 3051
1520 221 1558 262 V

214 357 447 404 morandi
496 356 821 402 commodum
872 352 971 412 jam
1017 353 1188 398 locum
1237 363 1415 397 nactos
1462 368 1557 398 nos

215 464 319 493 esse
367 448 623 492 laetamur.
711 445 887 490 Solum
931 442 1169 488 videlicet
1213 453 1446 487 nostrum
1484 458 1557 487 se-

184 549 350 598 ·ptem
411 536 604 581 triones
664 534 1010 593 orientemque
1069 548 1244 577 versus
1305 532 1556 594 glareoso·

216 642 510 680 arenosum,
571 624 756 685 pinetis
817 622 974 667 vastis
1024 638 1048 666 e
1095 624 1212 666 Pino
1270 622 1563 681 praesertim

213 716 432 778 sylvestri
470 713 750 768 consitum,
798 709 964 766 Ενὶεᾶ,
1007 713 1266 765 Vacciniis,
1314 713 1438 756 Ledo
1474 729 1559 773 pa-

216 807 350 849 lustri
388 815 478 849 etc.
519 813 785 856 onustum,
824 800 1092 861 paludibus
1130 800 1422 862 ingentibus
1456 818 1562 861 pro—

214 892 490 954 fundisque
537 876 655 936 hinc
703 891 822 935 inde
858 890 1219 949 interruptum,
1270 891 1562 951 ceteroquin

218 983 626 1038 sterilissimum,
677 981 957 1043 fungorum
1008 991 1175 1023 tamen
1215 980 1381 1025 omnis
1421 997 1563 1043 gene·

216 1073 284 1118 ris
322 1072 632 1134 farraginem
668 1071 831 1116 nutrit
875 1070 1216 1115 abundantem
1253 1069 1340 1113 vix
1378 1071 1562 1115 exhau-

217 1161 470 1207 riendam:
509 1160 807 1224 vegettabilia
848 1160 983 1204 enim
1020 1160 1197 1203 haecce
1235 1159 1394 1217 sylvis
1434 1159 1561 1205 anti-

219 1253 332 1313 quis
379 1251 627 1297 muscosis
677 1242 845 1310 opacis
883 1248 1163 1304 umbrosis,
1212 1250 1422 1295 humore
1458 1261 1564 1295 tan·

215 1353 327 1386 tum
375 1358 484 1387 non
530 1337 770 1401 perpetuo
820 1339 1040 1402 irrigatis
1089 1339 1289 1400 (quales
1326 1339 1563 1400 inprimis

218 1443 381 1476 tractu
436 1431 531 1476 illo
592 1431 759 1492 amplo
811 1430 1164 1485 continentur,
1226 1446 1374 1490 quem
1431 1430 1564 1476 inter

217 1537 373 1583 pagos
422 1520 620 1565 Moholz
666 1531 713 1564 et
761 1521 891 1564 Cosel
935 1530 1253 1578 porrectum,
1315 1518 1566 1565 Illoholzer

219 1611 377 1655 Haicle
416 1610 635 1665 dictum,
674 1609 823 1654 toties
863 1607 1078 1654 celebrat
1114 1608 1319 1653 libellus
1343 1611 1563 1671 noster),

219 1700 514 1761 truncisque
564 1699 776 1744 vetustis
824 1698 1229 1759 putrescentibus
1267 1699 1393 1744 mire
1432 1700 1564 1745 dele-

221 1790 364 1845 ctari,
413 1789 525 1850 quis
563 1786 801 1852 ignorat?
851 1783 1000 1849 quod'
1025 1788 1067 1835 si
1105 1805 1198 1849 qua
1235 1799 1404 1833 tamen
1445 1801 1566 1835 sunt

219 1896 488 1925 nemorum
534 1871 859 1935 laetiorum,
892 1878 1125 1923 arborum
1188 1877 1563 1936 frondosarum,

218 1980 478 2030 pratorum
538 1969 947 2032 graminosorum
1007 1968 1258 2024 avidiora‚
1322 1969 1400 2015 his
1453 1986 1563 2016 ecce

219 2059 330 2104 loca
365 2070 541 2119 patent
576 2058 823 2104 fertiliora
873 2058 1205 2104 occidentalia
1244 2071 1292 2103 et
1328 2060 1564 2106 meridio-

218 2149 374 2205 nalia,
415 2150 663 2205 saltuum,
705 2149 1041 2203 convallium,
1094 2148 1351 2194 montium
1389 2165 1563 2195 versus

220 2239 370 2299 Alpes
419 2237 673 2284 Sudeticas
721 2239 909 2284 sensim
962 2238 1376 2284 adscendentium
1414 2238 1564 2285 vicis·

222 2328 443 2374 situdine
482 2344 716 2383 amoena,
757 2344 882 2388 quae
918 2328 1025 2388 ipsa
1064 2345 1266 2389 quoque
1308 2328 1563 2386 symbolas

221 2433 359 2473 suas,
420 2432 598 2477 easque
656 2417 955 2478 neutiquam
1015 2417 1437 2474 contemnendas,
1506 2419 1563 2463 in

218 2490 512 2552 thesaurum
560 2518 795 2551 nostrum
849 2507 1118 2553 contulere.
1210 2509 1285 2553 Ad
1334 2507 1562 2570 singulas

220 2613 370 2658 porro
410 2596 607 2641 arbores
645 2595 928 2659 fungiferas
967 2598 1103 2657 quod
1130 2597 1334 2654 attinet,
1372 2609 1562 2658 praeter

220 2686 463 2742 Abietem,
502 2687 738 2746 Populum
774 2688 1054 2742 tremulam,
1106 2686 1374 2757 Quercum,
1421 2691 1560 2733 Betu-
