1928 3051
419 211 434 236 ι
440 210 490 249 90

516 316 607 365 542.
652 316 702 354 A.
745 315 793 352 G.
831 315 1136 355 tuberosus.

777 403 818 433 α,
848 388 1011 425 ecirrhis

775 461 822 511 β,
854 462 1053 499 cirrhacus

412 538 545 573 Primo
587 535 732 574 obtutu
772 537 911 575 similis
950 537 1241 588 speciminibus
1278 538 1554 578 semievolutIS
1584 540 1753 592 stchae-

410 625 483 646 nac
512 610 702 660 vulgaris.
764 610 894 648 Pileus
913 613 975 648 vix
1003 614 1182 650 striatas.
1238 612 1431 664 Exempla
1458 615 1631 664 stipitem
1660 628 1751 653 vcr-

409 697 476 723 sus
516 683 631 722 basin
673 685 867 722 tumidum
906 688 1084 736 gerentia
1122 688 1162 722 in
1197 689 1350 724 nostris
1387 701 1551 739 quoque
1580 691 1753 739 regioni—

408 758 484 797 bus
522 758 630 796 haud
667 772 759 796 raro
796 759 927 797 obvia.
996 760 1162 797 Parcior
1199 763 1380 798 occurrit
1418 759 1465 809 β,
1496 761 1599 800 locis
1629 760 1753 800 suffo-

408 836 506 871 catis
546 833 620 871 sub
659 833 761 872 foliis
797 832 1035 884 putrefactis
1074 833 1330 872 madentibus
1367 834 1581 886 aliquoties
1620 835 1747 883 lecta;

407 910 501 946 satis
539 908 730 959 frequens
771 922 811 954 α,
842 921 936 946 mox
973 907 1167 958 Agaricis
1204 908 1490 959 putridissimis
1532 909 1751 960 denigratis

405 985 504 1033 ipsis
522 1011 530 1027 ,
561 996 652 1019 mox
682 981 878 1019 Sclerotio
899 978 1124 1037 fungorum
1153 985 1256 1021 intra
1286 983 1442 1020 illorum
1472 983 1645 1021 lamellas
1675 996 1748 1034 pa-

404 1059 584 1094 rasitanti
612 1058 759 1094 innata.
817 1056 1049 1107 Septembri
1078 1067 1119 1094 et
1147 1070 1263 1109 seqq.

507 1129 598 1179 54⁵3.
645 1131 695 1167 A.
740 1130 790 1167 G.
827 1130 1089 1169 rainealis.

404 1203 536 1241 Pileus
563 1217 641 1241 nec
670 1207 855 1250 striatus,
886 1217 964 1242 nec
985 1203 1239 1255 pellucidus,
1270 1203 1433 1241 demum
1455 1204 1614 1254 planus,
1647 1213 1748 1242 tem-

401 1291 506 1329 pore
534 1277 701 1315 humido
732 1278 824 1329 plus
852 1280 984 1316 minus
1013 1276 1248 1322 rufescens,
1278 1280 1392 1316 sicco
1420 1277 1577 1315 albidus
1608 1278 1747 1316 simul-

403 1365 482 1403 que
521 1353 664 1401 (more
691 1352 968 1402 Agar-icorum
1007 1352 1251 1389 tenellorum
1281 1354 1481 1390 tenacium
1511 1353 1745 1402 siccorum)

400 1426 514 1464 valde
544 1436 782 1478 corrugatus
812 1435 854 1465 et
881 1436 1140 1473 contractus,
1182 1425 1291 1464 unde
1325 1436 1407 1463 tum
1437 1424 1639 1463 difficilior
1669 1425 1746 1464 ob-

401 1510 574 1538 servatu.
641 1502 776 1539 Totos
815 1513 938 1552 saepe
973 1501 1100 1539 dense
1138 1500 1294 1552 obtegit
1332 1500 1509 1539 ramulos
1547 1513 1745 1539 exsuccos

401 1573 601 1613 deciduos
640 1575 828 1612 arborum
867 1574 1152 1615 fiondosarum
1191 1578 1413 1623 variarum,
1460 1577 1500 1611 in
1539 1574 1744 1614 umbrosis

402 1647 607 1700 frequens.
665 1649 769 1687 JulIo
799 1659 839 1688 et
865 1663 981 1703 seqq.

835 1839 876 1868 D.
920 1838 1297 1868 MYCAENAE.

503 1946 594 1996 544.
640 1946 690 1984 Α.
730 1947 792 1984 M.
831 1946 1076 1985 alliacea.

401 2019 531 2057 Pileus
571 2031 758 2072 tempore
804 2021 973 2058 humido
1022 2019 1285 2067 fuscescens,
1340 2022 1454 2058 sicco
1503 2018 1738 2070 expallidus.

400 2093 534 2146 Stipes
563 2094 774 2146 elongatus
802 2098 1026 2146 nigricans,
1076 2107 1381 2146 nonnumquam
1418 2092 1503 2131 fere
1542 2103 1652 2131 totus
1679 2095 1741 2130 ni-

396 2182 482 2221 ger.
545 2167 658 2206 Odor
686 2172 726 2206 in
754 2172 912 2207 recenti
949 2169 1193 2214 vehemens,
1233 2177 1472 2219 penetrans:
1511 2169 1553 2203 in
1581 2167 1742 2218 langue-

397 2254 537 2282 scente
568 2243 725 2282 debilis.
783 2245 917 2282 Locus
954 2244 1194 2295 plerumque
1233 2244 1462 2288 terrestris,
1502 2244 1609 2279 inter
1646 2241 1741 2279 folia

397 2321 630 2369 semiputria
659 2317 836 2369 faginea;
867 2321 994 2356 rarius
1024 2317 1226 2370 epixylus,
1259 2316 1395 2354 radice
1419 2315 1529 2367 fungi
1547 2325 1631 2352 tum
1652 2329 1741 2353 ver-

397 2393 502 2430 ticali
534 2392 729 2431 subtereti
766 2392 976 2443 longiore,
1017 2394 1098 2429 imo
1140 2390 1396 2443 longissima:
1434 2389 1738 2440 semipedalem

398 2469 502 2503 enim
543 2466 755 2518 aliquando
803 2469 1043 2504 invenimus.
1121 2466 1283 2503 Crescit
1326 2467 1368 2502 in
1404 2464 1608 2502 umbrosis
1647 2462 1738 2500 udis

396 2543 565 2591 sparsim
607 2539 869 2589 (Eulenwald
908 2543 1003 2578 satis
1042 2538 1258 2590 frequens,
1300 2552 1378 2576 nec
1416 2536 1548 2588 alibi).
1615 2536 1733 2583 Julio,

395 2615 605 2666 Augusto:
638 2614 711 2653 sed
740 2614 927 2654 crebrior
953 2613 1212 2665 Septembri,
1245 2611 1433 2650 Octobri.
