1928 3051
1449 175 1526 229 349

180 291 356 344 simplice
408 305 646 347 ramosaque
692 305 823 329 crasso
878 291 1094 344 subrugoso
1148 292 1238 333 albo
1256 302 1523 344 :tome—neom,

179 366 366 418 capitulis
394 365 646 404 subrotundis
673 367 930 420 planiusculis
959 369 1099 406 aureis.

282 441 447 492 Fungus
476 443 748 494 praepulcher
775 442 941 495 ambigit
967 446 1073 481 inter
1103 443 1270 480 Pezizae
1293 443 1525 498 Helotiique

176 527 329 567 genus:
371 518 548 567 propior
587 516 646 554 illi
685 517 850 568 capituli
878 517 1021 556 subtus
1050 530 1136 555 non
1165 522 1344 557 excavati
1379 518 1523 567 forme,

180 589 269 626 huic
296 593 530 629 ramositate
558 604 607 629 ac
643 591 799 629 habitu.
856 591 1030 630 Accedit
1058 591 1335 643 quadantenus
1365 593 1415 631 ad
1449 594 1526 631 Tu-

180 661 424 702 berculariczs
453 665 670 704 Todeanas
709 666 914 703 volvatam
954 676 996 704 et
1030 669 1271 717 praesertim
1308 666 1525 705 sulcatam:

177 737 227 775 ab
265 738 436 790 utreque
477 749 611 777 tamen
654 739 852 778 diversus.
937 739 1172 778 Substantia
1210 743 1355 792 stipitis
1391 741 1525 789 firma,

178 811 445 851 subcoriacea
489 834 542 842 --
589 814 757 864 capituli
810 826 992 852 carnosa.
1074 813 1245 852 Statura
1290 814 1523 867 majuscula,

175 885 311 936 4-—6
339 886 534 924 linearum
563 886 674 925 fere:
712 888 875 939 capituli
915 887 1111 925 diameter
1147 891 1271 926 variat
1299 892 1405 926 inter
1438 903 1453 927 1
1486 899 1526 928 et

176 966 203 1010 4
229 961 370 999 lineas.
427 961 591 1011 Fungus
629 960 820 999 infantilis
849 962 1052 999 involucro
1083 962 1255 1000 candido
1295 963 1426 1000 lanato
1462 973 1527 1001 to-

177 1045 241 1074 tus
270 1034 477 1074 obductus
506 1044 590 1080 est3
634 1035 747 1086 quod
775 1038 816 1072 in
843 1035 954 1086 pileo
983 1036 1117 1087 paullo
1145 1047 1242 1087 post
1280 1040 1321 1073 in
1357 1036 1525 1075 frustula

177 1112 283 1147 varia
329 1112 442 1162 quasi
487 1108 686 1147 farinacea
733 1110 932 1160 dilapsum
980 1109 1130 1148 fatiscit
1176 1124 1225 1149 ac
1263 1121 1395 1148 totum
1431 1112 1526 1149 dein

177 1186 384 1222 evanescit
409 1205 464 1213 —
491 1183 634 1223 subtus
663 1197 761 1222 vero
790 1186 911 1236 inque
937 1186 1072 1236 stipite
1100 1185 1220 1237 longe
1250 1185 1399 1224 diutius
1427 1200 1524 1237 per-

177 1262 326 1298 sistens
364 1261 530 1297 nonnisi
568 1269 894 1297 consenescente
939 1258 1065 1310 fungo
1113 1259 1217 1297 adeo
1269 1259 1521 1307 obliteratur,

175 1343 221 1371 ut
249 1333 365 1371 color
393 1335 550 1371 nativus
579 1332 746 1371 sordide
786 1333 942 1384 pallens
972 1343 1237 1384 transpareat.
1296 1333 1428 1386 Stipes
1456 1348 1524 1373 re-

176 1418 292 1454 ctus,
326 1406 542 1459 obliquus,
574 1407 839 1446 subincurvus
860 1429 913 1436 -
930 1421 1037 1445 nune
1059 1411 1153 1446 satis
1181 1408 1358 1460 aequalis
1387 1408 1524 1447 subte-

174 1495 263 1529 res,
303 1495 414 1520 nunc
451 1484 557 1519 varie
598 1481 822 1528 difformis,
867 1496 1152 1534 compressus,
1193 1496 1391 1534 rugosus,
1439 1487 1522 1521 imo

175 1556 355 1595 sulcatus
384 1565 491 1594 etc.:
528 1559 570 1592 in
598 1569 733 1594 ramos
762 1557 1004 1608 plerumque
1033 1557 1155 1596 binos
1196 1567 1385 1596 ternosve
1423 1557 1523 1595 divi-

175 1643 270 1670 sus:
302 1631 496 1669 deorsum
527 1629 677 1666 radicis
705 1630 756 1668 ad
783 1633 909 1669 instar
937 1631 1108 1683 lignum,
1140 1632 1306 1670 uncialis
1337 1642 1377 1670 et
1404 1633 1520 1680 ultra,

173 1708 362 1753 strictus,
393 1704 521 1742 modo
552 1705 722 1756 simplex
750 1705 877 1743 modo
908 1704 983 1742 bi-
1003 1704 1214 1753 trifurcus‚
1246 1709 1380 1744 intrat.
1442 1706 1522 1745 Ca—

172 1779 344 1832 pitulum
374 1778 598 1816 orbiculare
640 1789 707 1816 aut
736 1778 1026 1827 subdifforme,
1067 1794 1090 1818 e
1127 1793 1311 1818 convexo
1341 1781 1520 1832 planum⁷

175 1853 269 1892 dein
299 1867 423 1905 saepe
454 1863 598 1891 centro
640 1853 984 1904 subdepressum‚
1024 1855 1160 1893 colore
1196 1854 1408 1907 formaque
1449 1856 1523 1892 Pe-

174 1929 282 1964 zizae
309 1929 452 1980 pityae
478 1930 717 1965 memoriam
744 1938 926 1966 renovat.
983 1928 1124 1967 Brevis
1152 1932 1238 1967 aevi
1265 1928 1411 1981 fungus
1428 1940 1523 1981 post

171 2002 324 2041 imbres
354 2002 558 2047 vernales,
600 2004 728 2039 rarius
765 2002 1000 2049 aestivales,
1042 2003 1146 2042 laete
1176 2016 1395 2056 exsurgens
1423 2017 1521 2055 pau-

175 2089 249 2115 cos
288 2076 405 2114 durat
445 2076 555 2114 dies:
603 2078 807 2127 gregarius
856 2075 1130 2129 frequensque
1178 2081 1282 2115 intra
1329 2081 1522 2117 cavitates

173 2153 331 2203 sepium
367 2152 546 2202 putrium
587 2149 895 2188 fabrefactflrum
941 2165 964 2188 e
1003 2151 1104 2187 Pino
1155 2152 1364 2205 sylvestri,
1413 2155 1520 2191 circa

173 2238 322 2278 pagum
352 2235 538 2264 nostrum
568 2227 736 2276 passim.
793 2225 895 2276 Apr.
925 2225 1025 2263 Mai.
1057 2225 1135 2263 Jul.

281 2303 396 2349 ¹042·
444 2299 497 2336 H.
539 2298 826 2337 aciculare.

546 2387 586 2419 α,
620 2373 846 2426 quercinum

538 2445 617 2495 ββ,
650 2445 865 2483 abietinum

180 2525 270 2560 Var.
304 2535 345 2566 a,
375 2520 426 2558 ad
455 2520 558 2572 ligna
584 2520 808 2573 putrefacta
839 2522 1027 2574 quercina
1061 2521 1157 2558 hinc
1185 2520 1280 2559 inde
1310 2521 1518 2571 (Trc'ink63

175 2594 445 2638 Hs'c'selttchcn5
493 2595 702 2633 Illolzolzer
752 2594 910 2646 Haislc)
954 2609 1040 2633 non
1087 2594 1323 2648 infrequens
1369 2599 1521 2634 crescit

172 2680 367 2708 autumno
404 2669 543 2708 medio
582 2667 661 2718 ββ,
703 2669 938 2721 diScrepans
976 2669 1081 2723 pileo
1110 2683 1132 2708 a
1158 2671 1394 2722 primordiiS
1422 2670 1518 2708 inde
