1928 3051
1439 129 1458 136 n

1435 137 1480 168 01

140 250 216 286 sim
257 245 586 285 confluentibus:
632 256 672 285 at
712 255 753 285 et
781 245 1046 301 subsparsum
1082 249 1323 286 invenimus.
1381 248 1483 285 Dia-

139 332 265 358 mcter
297 319 388 375 1s2{-
415 321 609 359 linearum
645 320 744 359 fere.
803 321 955 359 Forma
983 321 1219 361 orbicularis
1248 331 1316 359 aut
1343 321 1484 360 oblon-
1510 321 1515 325 ”

137 409 210 448 ga3
261 397 325 434 vel
361 396 588 448 pulvinata,
634 396 697 434 vel
736 396 1175 442 comeo-decurtata,
1228 406 1483 436 truncaturae

139 480 224 507 tum
253 471 369 516 disco
411 484 535 521 saepe
576 470 891 508 concaviusculo
920 484 967 508 ac
998 470 1307 522 quodammodo
1336 474 1483 523 margi-

136 554 258 582 nato:
302 544 471 582 altitudo
509 547 549 581 in
585 542 804 596 majoribus
833 545 1019 591 linearis,
1065 547 1128 582 vix
1156 545 1272 582 ultra.
1334 545 1483 583 Cortex

136 608 291 664 firmus,
325 618 628 663 crassiusculus,
660 618 826 668 rigidus,
858 627 966 664 ater,
999 620 1038 655 in
1068 618 1359 669 speciminibus
1388 634 1483 671 per-

134 691 253 730 fectis
283 695 436 743 vegetis
465 694 677 729 aterrimus
705 691 888 729 lucidus:
928 692 1108 729 anomale
1145 692 1341 740 dehiscit,
1387 695 1483 732 laci-

133 768 211 803 niis
241 765 409 803 durante
439 764 778 810 fructificatione,
825 777 942 802 more
982 778 1153 816 prorsus
1182 768 1477 815 antecedentis,

134 832 281 877 erectis
310 839 581 890 nucleumque
611 837 868 890 cingentibus
895 857 949 867 —-
979 848 1019 875 at
1046 839 1110 876 1115
1139 841 1306 891 peracta
1333 844 1479 879 iterum

134 913 326 965 collapsis
355 913 596 965 discumque
627 912 763 950 denuo
795 912 1126 953 occludentibus.
1185 914 1346 964 Quodsi
1370 915 1480 954 idem

133 991 174 1025 in
209 991 300 1039 ipso
338 986 654 1026 fructescentiae
701 997 794 1025 actu
839 1001 916 1039 per
964 1002 1117 1026 meram
1164 991 1477 1028 exsiccationem

133 1065 338 1109 evenerit,
385 1062 510 1114 fungo
539 1061 642 1113 aqua
669 1071 856 1100 recreato
886 1064 928 1099 in
955 1065 1139 1114 priorem
1168 1072 1315 1102 statum
1344 1067 1477 1102 omnia

134 1139 215 1175 cito
255 1140 534 1175 restituuntur.
606 1135 749 1173 Nuclei
789 1146 957 1175 stratum
986 1136 1152 1176 inferius
1182 1137 1473 1186 duriusculum,

133 1223 350 1249 carnosmn
377 1211 529 1257 ferme,
561 1210 717 1257 album,
754 1224 1062 1264 nonnumquam
1092 1214 1374 1260 cinerascens5
1407 1227 1475 1252 su-

130 1287 269 1336 perius
307 1284 460 1334 (discus
489 1280 784 1341 fructificans)
822 1287 944 1324 molle
986 1300 1199 1325 ceraceum
1240 1287 1476 1340 fuliginoso—

128 1362 344 1411 nigricans.
421 1361 568 1398 Totius
609 1360 772 1398 demum
810 1361 945 1399 nuclei
982 1364 1023 1398 in
1052 1360 1175 1414 fungo
1204 1366 1322 1401 etiam
1352 1378 1474 1415 prox-

130 1447 198 1473 sus
228 1434 384 1472 exoleto
412 1435 604 1486 reliquiae
633 1434 787 1473 albidae
818 1438 1041 1474 exsiccatae
1072 1446 1307 1475 contractae
1334 1451 1356 1475 a
1377 1451 1472 1476 cor—

130 1511 208 1547 tice
248 1509 404 1547 solutae
445 1519 682 1560 supersunt,
754 1509 802 1547 In
839 1513 995 1548 cortice
1023 1512 1140 1562 pineo
1169 1511 1328 1549 abunde
1357 1511 1473 1549 habi-

130 1593 206 1631 tat,
239 1585 458 1634 perennis:
498 1585 702 1634 vigentem
731 1584 903 1622 vidimus
935 1584 1051 1623 coelo
1082 1585 1246 1636 pluviO,
1282 1586 1468 1625 Octobri.

230 1671 333 1696 oBs.
390 1657 498 1696 Alias
537 1671 702 1710 quoque
742 1669 906 1709 praeter
933 1659 1081 1706 hasce,
1123 1661 1355 1697 Sectionem
1397 1674 1474 1698 no-

127 1742 247 1771 stram
285 1732 500 1784 aliquando
538 1742 773 1779 ornatui-as,
824 1733 897 1771 sed
935 1733 1066 1772 adhuc
1102 1736 1220 1773 nimis
1249 1733 1469 1786 ambiguas,

125 1809 286 1858 species
315 1807 530 1845 nonnullas
555 1806 882 1855 observavimus3
915 1822 1082 1860 quarum
1103 1810 1347 1861 insigniores
1372 1808 1471 1849 duas

122 1895 336 1933 apponere
365 1881 488 1919 lubet.

227 1969 262 1994 a.
310 1957 361 1993 X.
394 1955 631 1996 rhombeum.
690 1959 746 1995 X.
777 1957 931 1994 nudum
970 1967 1091 1996 tenue
1131 1958 1297 2009 planum
1324 1962 1470 2011 margi-

121 2040 259 2068 natum
302 2031 550 2069 rhombeum
607 2032 670 2070 vel
713 2031 1015 2071 subrotundum
1063 2035 1236 2085 nigrum.
1314 2035 1467 2071 Totum

122 2104 324 2151 clausum,
366 2107 550 2156 margine
577 2107 809 2157 prominulo
840 2107 1035 2145 distincto
1065 2120 1112 2144 ac
1143 2117 1356 2145 constante
1382 2110 1466 2145 cin-

122 2189 246 2217 ctum.
304 2180 456 2217 Forma
484 2180 547 2218 vel
574 2180 793 2228 rhombea,
834 2181 898 2219 vel
927 2181 1080 2232 angulis
1108 2182 1336 2220 rotundatis
1366 2182 1464 2221 sub-

121 2254 373 2292 orbicularis.
432 2253 666 2292 Substantia
696 2255 947 2293 molliuscula
975 2255 1076 2293 alba.
1133 2256 1325 2307 Exempla
1345 2259 1464 2296 nimis
1516 2305 1523 2307 ‚

119 2342 241 2380 parca
281 2328 404 2366 fuisse
433 2341 480 2366 ac
509 2329 750 2380 imperfecta
778 2329 995 2368 admodum
1024 2329 1239 2369 dolemus:
1283 2334 1324 2368 in
1351 2332 1460 2383 ligno

120 2402 233 2439 alueo
264 2401 452 2454 projecto
481 2413 748 2455 putrescente
777 2404 1258 2454 semellecta·(Bihaner
1277 2406 1460 2457 Bruch):

118 2477 254 2515 medio
285 2477 429 2528 Aprili.

222 2551 263 2590 b.
296 2553 347 2588 X.
380 2553 591 2589 cinereum.
648 2554 703 2591 X.
736 2566 956 2604 erumpens
1000 2563 1108 2593 teres
1136 2554 1258 2592 molle
1287 2557 1459 2607 nigrum,

117 2625 235 2664 disco
274 2639 458 2665 concavo
504 2630 752 2679 marginato,
802 2630 980 2679 margine
1026 2632 1165 2681 crispo
1214 2628 1460 2669 subcrenato
