1928 3051
1418 137 1468 177 55

113 249 259 310 forma
285 253 496 307 globoso·
514 254 733 307 depressa:
775 253 884 292 color
912 266 1069 306 opacus
1083 281 1103 302 s
1140 254 1305 295 sordide
1334 259 1462 310 nIger.

121 327 171 366 In
196 328 306 381 ligno
335 332 448 368 sicco
480 329 583 366 Tnxi
618 327 811 366 baccatae
848 327 1099 379 (Sohlander
1127 329 1278 382 Berg).
1334 331 1463 370 Maio.

230 402 316 454 157.
364 403 418 441 H.
448 404 704 455 pulicare.

119 474 265 515 Rarius
295 476 583 529 subsparsmn3
615 478 856 530 plerumque
883 477 998 516 valde
1018 480 1266 530 gregarium,
1296 480 1338 516 in
1359 492 1465 517 acer·

118 562 213 589 vum
239 550 394 603 aliquot
421 554 630 590 unciarum
659 552 906 604 quandoque
942 552 1196 600 confertum,
1242 556 1323 593 situ
1351 554 1467 592 inde-

118 628 345 664 terminato.
402 625 467 662 Ad
496 635 688 672 truncos,
730 638 870 665 ramos
908 627 1114 680 quei-cinos
1142 625 1360 679 Frequens,
1401 631 1464 668 vix

116 698 223 737 alibi.
282 700 524 737 Praesertim
552 699 726 737 vernale.

225 771 310 809 158.
357 773 412 809 H.
454 782 809 824 angustatum.

114 845 246 884 Nimis
275 844 415 883 forsan
441 845 563 884 affine
591 847 884 898 praecedenti,
925 849 1105 899 quamvis
1136 849 1248 887 notis
1276 849 1462 890 indicatis

115 920 346 972 discrepet:
384 919 460 958 hae
489 922 596 959 enim
624 921 689 960 vel
715 924 849 960 minus
879 932 1117 961 constantes
1145 922 1358 972 videntur,
1398 924 1463 963 vel

112 997 245 1033 minus
281 1007 436 1046 graves.
504 997 572 1034 Sic
606 1010 644 1034 v.
677 1009 714 1034 c.
752 998 860 1034 inter
897 997 1080 1049 exempla
1107 997 1223 1049 plura
1251 1009 1461 1050 angustata

113 1068 274 1125 linearia
312 1070 506 1107 nonnulla
550 1079 684 1107 tamen
714 1073 834 1109 etiam
864 1081 1087 1109 cernuntur
1114 1074 1246 1110 minus
1274 1084 1456 1127 angusta,

114 1141 323 1189 breviora,
355 1143 624 1196 subelliptica.
683 1144 791 1182 Situs
819 1145 1089 1197 subsparsus‚
1121 1149 1217 1185 satis
1238 1147 1456 1200 regularss:

113 1214 344 1274 superficies
378 1232 522 1270 parum
564 1221 715 1258 striata.
793 1219 1008 1258 Coi-ticum
1043 1221 1252 1259 aridorum
1289 1225 1456 1274 paginas

111 1302 218 1330 amat
255 1295 498 1340 interiores;
540 1293 638 1331 hinc
674 1293 781 1332 Forte
818 1298 948 1333 rarius
989 1295 1186 1333 hactenus
1226 1295 1454 1336 observata.

110 1368 204 1406 Nos
232 1376 345 1406 certe
382 1371 478 1407 satis
513 1366 772 1420 frequentem
807 1368 1020 1408 habuimus
1054 1372 1096 1407 in
1125 1370 1294 1418 Beculci,
1330 1370 1455 1418 Alno,

114 1439 307 1494 Car-pino.
363 1442 573 1480 Autumno
603 1453 644 1481 et
671 1455 780 1480 vere.

216 1516 303 1568 159.
350 1517 404 1554 H.
444 1516 673 1567 longum.

106 1589 171 1626 Ad
198 1588 323 1628 lineas
358 1596 510 1640 1{—z
550 1590 785 1642 elongatum
824 1589 1007 1628 affinium
1048 1595 1246 1640 omnino,
1293 1602 1333 1631 at
1368 1607 1455 1632 non

106 1666 229 1703 totius
256 1667 441 1716 generis,
472 1664 767 1716 longissimum.
824 1663 874 1702 In
900 1665 1018 1716 Fago
1058 1666 1312 1705 decorticata
1342 1668 1453 1716 (Ιίϋ-

107 1738 323 1793 nigsholz).
379 1738 524 1791 Aprili.

215 1812 298 1851 160.
342 1813 396 1852 H.
437 1816 724 1852 cinereum.

103 1885 142 1924 A
185 1897 409 1940 sequente,
459 1887 558 1926 licet
604 1890 871 1941 propinquo,
921 1888 1070 1927 affatim
1125 1888 1262 1927 differt
1303 1889 1448 1938 forma,

105 1961 271 2008 colore,
310 1961 408 2001 loco
447 1962 582 2001 natali.
669 1964 798 2015 Ligno
838 1966 1202 2010 semiinimersum,
1252 1963 1452 2016 globoso-

102 2034 370 2086 depressum,
420 2050 632 2088 sparsum,
679 2051 863 2088 parcum.
941 2038 1067 2076 Color
1102 2041 1143 2075 in
1183 2041 1296 2076 sicco
1335 2037 1450 2076 ruso-

103 2121 251 2148 canus:
291 2112 334 2148 in
361 2111 595 2149 humectato
622 2114 804 2164 nigricat.
867 2110 1041 2149 Nucleus
1069 2113 1347 2152 molliusculus
1378 2126 1447 2151 ce-

100 2195 245 2222 raceus
273 2183 444 2222 albido-
462 2188 648 2224 cinereus
677 2186 937 2238 perithecium
973 2186 1140 2225 refercit
1171 2185 1282 2238 fungi
1310 2189 1446 2238 vigen-

102 2259 167 2295 tis.
224 2257 291 2295 Ad
316 2271 453 2298 ramos
483 2258 629 2297 Salicis
662 2259 846 2312 Capreae
873 2261 1070 2300 deciduos
1098 2263 1267 2312 passim.
1315 2261 1442 2309 Maio,

100 2330 239 2369 Junio.

209 2405 295 2445 161.
344 2406 397 2444 H.
439 2407 667 2445 Fraxini.

99 2478 268 2518 Coffeae
308 2480 441 2519 fabam
481 2491 610 2519 ustam
650 2481 783 2519 form&
821 2481 997 2533 elliptica
1026 2493 1066 2521 et
1096 2483 1236 2522 colore
1268 2482 1445 2535 quadan·

99 2561 218 2592 tenus
254 2555 490 2595 aemulatur.
554 2555 604 2594 In
640 2556 821 2594 Fraxino
859 2554 1188 2614 (Cunnersdfflf)
1232 2556 1441 2611 frequens.

97 2627 244 2680 Aprili.
