1928 3051
389 184 460 234 ¹34
492 203 497 205 ·

383 301 518 347 ribus,
549 300 658 338 unde
685 298 867 351 pustulae
893 306 1093 350 apparent
1120 297 1297 336 sessiles.
1353 296 1402 335 In
1431 296 1477 335 Ρ.
1508 307 1724 348 argenteae

384 374 516 420 foliis,
549 388 649 426 quae
679 374 864 425 hyemem
893 371 1188 423 perduravere,
1219 373 1422 410 semivivis
1443 374 1615 411 siccisve
1632 385 1722 410 arva

385 461 456 487 seu
484 461 634 499 pascua
663 446 845 485 incolens
873 448 1054 484 occurrit
1081 445 1258 493 Martio,
1289 444 1432 497 Aprili.

488 521 579 560 582.
627 522 671 559 P.
714 529 1031 562 mucronata.
1687 502 1704 516 N

749 609 790 640 a,
824 594 954 631 Rosae

749 666 932 717 ,By-Rubi

389 741 586 795 Sporulae
614 741 773 781 isthmis
802 742 1041 794 plerumque
1070 744 1194 780 ternis
1216 744 1483 793 interceptae,
1514 740 1726 780 nonnullae

386 817 650 856 submuticae.
714 816 901 869 Vulgaris
939 827 1002 854 est
1039 831 1080 863 α,
1111 819 1151 852 in
1181 815 1283 855 foliis
1312 819 1550 867 praesertim
1580 829 1727 855 conse-

386 891 651 930 nescentibus
683 891 812 928 Rosae
841 887 1094 946 centifoliae,
1134 890 1316 928 Uredine
1353 892 1488 935 socia,
1530 894 1571 927 in
1599 891 1728 929 hortis

387 965 538 1017 ubique
575 964 682 1003 fere:
722 953 849 1003 rarior
884 968 926 1002 in
958 965 1004 1002 R.
1035 963 1178 1002 villosa
1217 964 1546 1016 (Lehmgruben)
1574 964 1728 1016 absque

388 1039 585 1077 Uredine.
642 1040 740 1077 Var.
780 1038 827 1087 β,
868 1040 978 1091 apud
1006 1052 1083 1077 nos
1113 1052 1277 1090 quoque
1305 1042 1347 1076 in
1375 1038 1480 1078 foliis
1511 1039 1577 1087 (et
1605 1052 1729 1090 saepe

389 1113 552 1165 quidem
593 1116 714 1152 siccis
752 1113 948 1165 dejectIs)
993 1111 1094 1150 Rubi
1138 1115 1375 1165 utriusque,
1421 1114 1496 1152 sed
1542 1116 1728 1164 apprime

391 1187 438 1223 R.
462 1183 677 1242 fruticosi,
726 1187 833 1224 haud
871 1201 961 1225 raro
999 1190 1192 1225 occurrit.
1277 1188 1460 1239 Utraque
1496 1197 1651 1225 aestate
1689 1197 1732 1225 et

388 1264 628 1312 praesertim
655 1271 862 1298 autumno.

492 1348 596 1373 ons.
632 1349 666 1372 1.
724 1336 848 1373 Sicuti
887 1345 1005 1374 notas
1040 1337 1278 1387 praesertim
1319 1334 1539 1373 Ure-clinum
1567 1335 1730 1387 specifi-

391 1422 457 1447 cas
496 1409 736 1460 plerasque,
786 1411 840 1446 ita
876 1409 939 1447 vel
977 1412 1107 1461 ipsam
1146 1412 1252 1447 inter
1281 1410 1495 1447 Pucciniae
1528 1409 1730 1447 Uredinis·

391 1496 467 1534 que
513 1495 640 1535 genus
686 1483 900 1535 diagnosin
944 1486 1173 1536 genericam
1219 1483 1482 1522 vehementer
1529 1485 1726 1531 vacillare,

389 1570 512 1595 nemo
551 1555 666 1594 facile
702 1560 762 1596 rei
801 1560 958 1609 peritus
1000 1557 1156 1598 inficias
1196 1559 1282 1598 ibit.
1368 1557 1536 1613 Septula
1575 1559 1733 1597 scilicet

391 1632 592 1669 Pucciniis
643 1631 837 1669 solemnia
886 1633 993 1669 striis
1041 1632 1380 1683 profundioribus
1423 1637 1466 1672 in
1504 1633 1732 1672 Uredinum

392 1706 565 1756 sperulis
605 1704 839 1756 frequenter
879 1706 1008 1745 obviis
1047 1708 1187 1745 similia
1225 1708 1329 1746 adeo
1367 1722 1458 1747 esse
1493 1708 1648 1754 solent,
1688 1717 1733 1745 ut

392 1779 579 1830 dignosci
614 1782 674 1817 vix
714 1789 883 1831 queant:
931 1791 973 1818 et
1009 1780 1058 1818 ad
1104 1781 1257 1819 candae
1295 1781 1516 1835 firmaeque
1556 1782 1733 1834 proinde

391 1853 649 1892 adhaesionis
689 1856 997 1892 inconstantiam
1036 1856 1150 1907 quod
1180 1859 1346 1903 attinet,
1389 1859 1484 1895 NN.
1517 1857 1605 1895 361.
1638 1856 1729 1909 373.

391 1942 440 1966 ac
468 1930 651 1979 inprimis
689 1926 779 1965 552.
811 1927 902 1966 563.
933 1928 1024 1979 372.
1063 1930 1248 1969 laudasse
1285 1931 1474 1969 sufficiat.
1541 1934 1632 1970 Nec
1661 1946 1734 1984 pa-

392 2016 482 2039 rum
511 2001 604 2040 hinc
633 2002 810 2039 alimenti
840 2004 961 2040 trahit
988 2007 1169 2055 suspicio
1199 2006 1287 2051 illa,
1319 2005 1433 2058 cujus
1461 2006 1512 2044 ad
1533 2005 1584 2044 U.
1610 2006 1733 2043 linea·

395 2091 475 2113 rem
505 2076 705 2129 (Synops.
737 2076 770 2113 I.
802 2091 845 2127 p.
877 2077 994 2127 216.)
1033 2081 1215 2116 meminit
1254 2080 1330 2118 cel.
1374 2081 1573 2126 Persoon,
1621 2094 1735 2119 mere

395 2150 558 2202 quidem
590 2150 786 2189 hactenus
825 2151 1113 2203 hypothetica,
1155 2153 1229 2191 sed
1265 2157 1547 2205 urgentissima
1576 2163 1733 2192 tamen:

393 2238 497 2263 anne
526 2228 566 2262 in
593 2224 740 2276 plantis
769 2239 965 2277 perquam
1002 2227 1160 2272 multis,
1199 2227 1445 2278 graminibus
1473 2243 1511 2267 v.
1543 2242 1607 2276 c.,
1638 2229 1736 2266 Jun-

395 2302 478 2344 cis‚
512 2299 712 2345 Circaeis,
745 2299 985 2351 polygonis,
1018 2301 1150 2348 Faba,
1184 2301 1302 2340 Galio
1323 2312 1402 2341 etc.
1432 2302 1624 2341 Uredines
1645 2303 1736 2341 iun-

393 2372 472 2423 gilli
516 2373 690 2425 juniores
737 2376 816 2411 sint
859 2373 1050 2422 (dilutius
1097 2376 1263 2414 colorati
1311 2380 1520 2429 magisque
1569 2380 1735 2428 aestivi)

395 2446 537 2492 iidem,
580 2450 646 2498 qui
680 2444 852 2503 perfecti
892 2448 1041 2487 deinde
1082 2451 1371 2499 (saturatiores
1401 2461 1441 2488 et
1468 2454 1593 2503 magis
1620 2461 1737 2489 autu-

395 2520 573 2570 mnales)
621 2521 837 2559 Pucciniae
882 2522 1070 2561 audiant?
1126 2525 1258 2576 Digna
1297 2528 1435 2577 utique
1478 2525 1733 2577 hypothesis,

395 2596 437 2630 in
467 2607 582 2645 quam
612 2598 788 2646 repetito
817 2599 994 2635 examine
1029 2597 1304 2651 ulterioreque
1333 2598 1620 2638 observatione
1649 2609 1736 2638 stu-

397 2667 513 2707 diose
541 2671 775 2720 inquiratur.
