1928 3051
459 225 533 276 25²¹,
1008 243 1242 250 *ἡκ-ψ

458 354 646 383 staturam
677 341 863 394 pedalem
893 349 936 379 et
963 340 1065 378 ultra
1093 351 1217 391 saepe
1245 351 1521 392 proserpens,
1568 352 1583 379 1
1601 352 1695 379 -2
1722 352 1798 379 un·-

459 422 540 458 cias
569 419 702 455 latum.
763 417 960 454 Perenne.

561 494 652 542 781.
699 492 737 528 S.
777 490 991 528 cellare.

820 562 900 613 ββ,
937 562 1068 600 album

455 642 618 692 Fungus
658 648 802 677 noster
839 648 951 676 totus
990 636 1152 690 quidem
1191 636 1305 676 albus
1344 647 1430 685 est,
1480 642 1558 676 nec
1603 637 1799 677 ullatenus

456 713 784 767 1·=ulve1·ulentus:
821 712 893 751 sed
921 712 1099 764 reliquae
1129 711 1356 765 Synopscos
1383 712 1649 764 descriptioni
1677 725 1800 753 eous-

459 803 536 842 que
565 787 926 833 accommodatus,
965 797 1009 824 ut
1037 790 1269 825 varietatem
1310 789 1464 838 speciei
1501 800 1632 826 novae
1661 790 1800 827 tantis-

458 877 535 916 per
563 862 869 914 praeferendam
894 862 1138 901 duxerimus.
1181 862 1330 898 Dentes
1350 861 1499 913 glabri,
1530 861 1651 908 firmi,
1682 865 1798 909 recti,

459 938 697 984 difformes,
737 940 844 975 varie
878 937 1076 988 angulati,
1127 936 1409 984 crassiuseuli,
1456 937 1666 989 congesti,
1706 928 1830 974 albi.v

461 1012 690 1052 Subiculum
720 1022 861 1058 tenue,
894 1021 1099 1057 tenerum,
1131 1011 1340 1058 villosum,
1371 1010 1676 1057 mollissimum,
1707 1010 1802 1048 albi-

459 1087 581 1133 dum,
625 1087 985 1133 subcinerasccns,
1028 1089 1069 1123 in
1104 1086 1310 1124 nonnullis
1346 1098 1516 1136 prorsus
1554 1085 1799 1123 obsoletum.

461 1163 654 1199 Occurrit
681 1161 778 1199 hinc
808 1161 900 1198 inde
931 1162 991 1210 (v.
1025 1174 1061 1198 c.
1096 1159 1304 1197 Moholzer
1335 1158 1490 1206 Haicle3
1524 1158 1620 1195 holte
1648 1158 1804 1210 Lincle)

459 1238 499 1272 in
528 1235 642 1287 lignis
682 1234 858 1273 humidis
898 1233 1232 1286 putrescentibus
1270 1232 1442 1285 dejectis
1471 1232 1650 1272 obtect'ss
1679 1232 1805 1271 suffo-

460 1313 571 1348 catis.
628 1310 819 1355 Aestate,
850 1318 1061 1347 autumno.

816 1528 882 1578 45.
968 1528 1443 1567 HYDNUM.

952 1632 1317 1662 A.HYDNA.

864 1727 910 1776 a)
977 1726 1401 1777 Integra.

568 1833 659 1881 752.
707 1830 760 1866 H.
803 1828 1155 1868 imbricatuin.

465 1903 596 1942 Pileus
624 1903 840 1956 regularis,
882 1903 1130 1955 depressus,
1172 1916 1297 1955 saepe
1325 1903 1509 1955 amplus,
1550 1903 1808 1955 semipedalis

463 1988 504 2018 et
540 1979 656 2016 ultra.
735 1978 897 2016 Crescit
945 1988 1138 2016 autumno
1183 1978 1351 2016 humido
1391 1981 1431 2015 in
1470 1978 1590 2030 sylvis
1626 1981 1809 2017 acerosis

463 2052 739 2099 sicciusculis,
787 2055 972 2104 inprimis
1012 2055 1236 2098 montosis,
1282 2051 1491 2104 frequens.
1567 2053 1808 2091 Praesertim

461 2127 707 2179 Septembri.

566 2200 657 2252 783.
706 2202 760 2239 H.
801 2200 1266 2253 subsquamosuin.

462 2276 646 2327 Fungum
675 2275 785 2313 hunc
813 2275 863 2313 ab
892 2276 1162 2314 antecedente
1190 2275 1459 2327 separandum
1490 2265 1604 2323 esse,
1644 2277 1706 2313 vix
1735 2275 1811 2314 du-

461 2349 629 2396 bitabit,
661 2352 729 2402 qui
756 2353 871 2390 vivos
900 2353 1214 2402 comparaverit.
1255 2350 1388 2388 Pileus
1411 2362 1597 2397 crassus,
1627 2363 1808 2402 magnus,

463 2422 598 2474 5-4
633 2427 770 2464 uncias
807 2425 1050 2478 plerumque
1088 2425 1217 2472 latus,
1268 2425 1360 2477 plus
1399 2427 1530 2463 minus
1575 2424 1808 2477 inaequalis,

465 2498 774 2546 subflexuosus,
807 2499 1115 2551 subrepandus,
1148 2499 1198 2537 ad
1227 2499 1281 2538 H.
1314 2498 1534 2551 repandum
1564 2513 1612 2537 ex
1637 2498 1720 2537 hoc
1745 2512 1812 2537 ca-

466 2575 551 2623 pite
582 2573 1116 2624 quadantenus-accedens:
1155 2587 1280 2626 saepe
1309 2577 1349 2610 in
1378 2587 1460 2611 uno
1489 2573 1720 2625 eodemque
1750 2575 1812 2610 in-

465 2646 633 2684 dividuo
664 2647 761 2686 hinc
790 2662 962 2699 prorsus
991 2649 1135 2697 laevis,
1167 2649 1276 2687 illinc
1298 2640 1522 2687 confertius
1545 2647 1813 2686 distantiusve

465 2723 619 2759 minute
649 2732 691 2760 et
718 2723 914 2774 adpresse
943 2724 1252 2777 squamulosus;
1283 2738 1306 2763 e
1332 2723 1475 2763 colore
1505 2721 1813 2762 ochreo-rufe-
