1928 3051
765 189 999 198 ww*-
1436 182 1441 188 ·
1487 167 1555 220 137

211 284 418 324 tubercula
447 286 635 325 echinata
673 288 778 324 varia
813 285 906 323 dein
944 285 1018 334 (an
1053 298 1130 337 per
1168 285 1557 338 conglutinationem

210 360 514 407 fascicularem,
568 374 590 398 e
630 360 799 397 madore
835 363 1031 397 continuo
1069 360 1337 412 oriundanffl)
1374 361 1558 400 abeunti-

210 434 301 473 bus.
360 434 568 471 Pulverem
596 437 768 486 genuine
798 448 983 486 pureque
1012 437 1218 473 cinereum
1243 435 1427 473 nondum
1454 436 1558 474 vidi-

209 522 323 547 mus:
364 519 602 547 constanter
639 511 680 545 in
718 511 871 547 nostris
908 522 929 545 e
971 511 1137 547 cinereo
1175 509 1238 547 vel
1276 510 1460 549 flavescit
1492 511 1556 550 vel

209 583 370 629 rutilat,
413 583 670 634 argillascens
709 583 804 620 inde
836 581 899 620 vel
927 586 1082 634 griseus
1110 584 1322 623 dicendus.
1378 586 1558 637 Epigaea

213 660 377 708 species
417 657 590 708 vulgaris
630 657 780 708 ubique
820 656 905 694 fere
934 659 1114 694 occurrit
1142 660 1182 694 in
1212 659 1316 696 terra
1344 659 1450 696 nudzi
1480 660 1556 698 hu-

211 731 321 768 mida
350 734 534 781 inprimis
563 730 770 768 umbrosa.
828 730 993 768 Aestate
1023 730 1134 767 tarda
1164 741 1204 768 et
1231 738 1441 772 autumno.

316 817 423 841 ons.
489 805 662 841 Brevem
710 803 925 854 fungorum
965 803 1134 841 duorum
1172 805 1224 844 ad
1262 806 1392 844 hocce
1430 820 1558 859 genus

213 879 484 929 spectantium
513 876 793 929 ambiguorum
823 879 1006 914 notitiam
1034 877 1282 930 adspergere
1312 881 1468 930 placet:

315 964 351 988 a.
407 951 449 987 T.
479 961 696 1001 gzatcacum.
748 952 796 988 T.
825 951 1075 1002 pulvinatum
1095 951 1555 1004 subhemisphaerictun,

213 1034 448 1077 tegumento
488 1025 707 1063 subvilloso
747 1024 907 1071 albicio,
948 1027 1071 1076 guttiS
1100 1029 1254 1077 grossis
1284 1029 1456 1066 viscosis
1485 1027 1561 1065 ob-

212 1103 316 1145 sito⁷
358 1100 526 1152 pulvere
566 1109 783 1150 compacto
822 1101 1158 1151 griseo-terreo.
1229 1102 1393 1152 Fungus
1423 1102 1558 1154 Lyco-

211 1174 369 1225 galacri
399 1184 591 1224 argenteo
623 1173 765 1211 colore
794 1174 994 1224 pulveris,
1027 1172 1152 1211 forma
1181 1188 1229 1212 ac
1258 1175 1395 1213 habitu
1424 1176 1559 1228 probe

215 1261 445 1287 consonus:
487 1261 584 1285 num
614 1247 752 1286 forsan
780 1248 844 1285 ille
872 1250 985 1299 ipse,
1026 1261 1121 1286 casu
1152 1250 1326 1300 quodam
1357 1253 1398 1286 in
1425 1249 1559 1288 medi&

213 1333 344 1360 aetate
374 1322 620 1374 corruptus?
648 1336 745 1360 num
773 1336 880 1360 nova
913 1322 1251 1360 Trichodermacis
1280 1317 1473 1375 species?
1502 1323 1558 1361 ob

213 1398 395 1449 exempla
431 1397 614 1434 nondum
654 1409 827 1447 prorsus
864 1407 1017 1434 matura
1050 1397 1149 1434 nihil
1177 1397 1416 1436 definimus:
1457 1411 1558 1450 quae

210 1474 251 1509 in
282 1481 429 1509 trunco
460 1471 644 1525 quercino
676 1470 801 1508 semel
830 1473 991 1509 inventa
1023 1471 1135 1508 fuere
1165 1472 1309 1522 Aprili.

317 1546 354 1582 b.
416 1546 457 1582 T.
490 1543 717 1581 candiclmn.
776 1546 827 1582 T.
871 1546 1118 1596 pulvinatum
1159 1545 1556 1597 subsemiglobosum

210 1620 393 1657 villosum
423 1619 612 1656 unicolor
640 1618 796 1664 album,
829 1633 850 1656 e
879 1618 956 1657 filis
987 1622 1215 1670 compactIS
1243 1620 1410 1670 pulvere
1437 1619 1557 1657 undi—

211 1707 292 1746 que
329 1695 592 1744 interspersis
634 1702 884 1731 contextum.
948 1694 1161 1730 Diameter
1188 1692 1320 1744 5-4
1347 1694 1555 1732 linearum.

215 1767 426 1819 Conopleis
453 1769 589 1818 potius
618 1766 721 1805 hanc
751 1770 932 1818 speciem
961 1781 1047 1805 non
1075 1768 1264 1806 obstante
1294 1768 1436 1806 colore
1465 1769 1556 1806 alie-

210 1845 380 1880 nissimo
409 1855 630 1880 accensere
661 1844 702 1878 in
730 1844 865 1879 animo
905 1852 1012 1880 erat:
1055 1842 1130 1881 sed
1165 1852 1321 1888 metus,
1367 1855 1419 1879 ne
1448 1856 1557 1881 mera

209 1916 322 1969 fungi
349 1919 479 1968 ignoti
508 1915 732 1967 primordia
765 1929 904 1953 coram
945 1916 1212 1963 haberemus,
1252 1917 1450 1955 hactenus
1479 1929 1557 1955 nos

213 1989 414 2029 cohibuit.
472 1990 703 2041 AliquotIes
731 1992 773 2027 in
802 1992 957 2029 cortice
988 1989 1158 2042 abiegno
1197 1990 1431 2041 (Moholzer
1460 1992 1557 2029 Hai-

211 2063 286 2115 cle)
317 2078 434 2113 vere,
465 2074 629 2104 aestate.

568 2249 632 2288 36.
691 2250 1191 2288 CONOPLEA.

316 2355 406 2408 590.
455 2357 504 2395 C.
546 2357 851 2408 sphaerica.

212 2430 364 2468 Forma
403 2431 575 2483 globoso
595 2453 614 2459 -
632 2431 839 2482 depressa.
904 2431 1120 2467 Diameter
1152 2429 1203 2468 ab
1246 2443 1261 2468 ι
1283 2427 1352 2468 ἀεὶ
1381 2430 1404 2468 3
1432 2431 1557 2470 lineas

211 2508 357 2544 varius.
428 2504 552 2543 Color
587 2505 804 2551 sordidus,
845 2518 868 2542 e
896 2507 1011 2556 nigro
1050 2504 1142 2555 plus
1181 2507 1314 2543 minus
1353 2508 1394 2541 in
1432 2506 1557 2543 oliva-

214 2593 331 2618 ceum
369 2592 555 2631 vergens.
625 2579 812 2631 Copiose
850 2578 992 2617 incolit
1028 2591 1167 2617 ramos
1205 2582 1338 2619 varios
1374 2579 1556 2632 dejectos

212 2656 373 2694 siccos:
409 2657 570 2705 parcius
600 2654 703 2706 ligna
731 2653 908 2705 putrida.
967 2654 1176 2693 Perennis.

1459 2744 1505 2783 18
