1928 3051
430 222 504 260 250
989 244 1066 250 ---
1073 244 1199 250 —---
1207 245 1221 249 -

429 340 642 385 fasciatus,
674 340 851 389 margine
874 347 1112 376 constanter
1134 339 1267 388 crispo
1297 337 1623 390 subpapyraceO.
1678 329 1770 377 Nos

427 414 538 451 hunc
566 413 615 450 ab
645 413 912 450 antecedente
941 424 1129 463 separare
1149 411 1245 448 nulli
1264 411 1519 458 dubitamus,
1549 411 1771 463 praecipue

427 497 599 539 propter
636 499 767 537 poros
804 486 1025 523 admodum
1062 485 1270 533 diversos,
1311 489 1408 524 satis
1445 497 1638 537 magnos,
1677 497 1775 522 acu·

430 560 640 599 tiusculos.
726 561 889 598 ParcIor
938 562 1130 612 provenit
1182 559 1271 606 illo,
1329 559 1434 598 locis
1490 558 1773 599 consimilibus
1810 602 1822 605 ‚

429 635 664 684 (ZVIoholzcr
693 633 827 671 Haide
855 635 1046 685 passim).
1101 616 1311 672 Autumno
1342 633 1536 673 tardiore.

532 714 622 760 742.
668 708 717 747 B.
759 708 1006 746 fumosus.

429 783 557 822 Color
587 783 713 821 totius
742 782 851 834 fungi
878 782 1061 828 albidus,
1094 782 1169 820 sed
1196 781 1308 819 Fumo
1332 785 1445 835 quasi
1473 784 1606 834 griseo
1637 782 1770 832 (cine—

428 857 691 908 reo-rutilo)
721 857 900 908 undique
930 856 1189 907 superflatus.
1251 857 1352 894 Pilei
1371 870 1512 895 versus
1535 856 1770 908 marginem,

429 945 548 971 secus
576 946 622 970 ac
650 932 693 969 in
720 941 941 983 sequente,
972 931 1178 969 attenuati.
1234 931 1380 969 Rarior
1403 934 1590 983 provenit
1611 932 1773 981 species

430 1007 482 1044 ad
510 1006 696 1045 caudices
726 1005 871 1044 Salicis
892 1003 1007 1042 albae
1026 1015 1184 1043 veteres
1210 1018 1332 1044 cavos
1361 1000 1623 1060 (Ullersclotf
1644 1017 1774 1056 prope

430 1083 610 1131 arcem):
647 1095 669 1118 a
697 1080 817 1119 nobis
847 1079 1060 1118 observata
1092 1080 1187 1117 Oct.
1219 1081 1327 1117 Nov.

533 1154 623 1206 743.
669 1155 718 1192 B.
759 1153 1090 1193 svaveolens.

796 1242 837 1274 ct,
870 1228 1084 1264 communis

431 1303 529 1340 Pori
557 1315 863 1353 nonnumquam
882 1301 986 1347 albi,
1018 1301 1114 1338 hinc
1136 1300 1232 1338 inde
1252 1299 1605 1338 subrufeseentes:
1637 1299 1772 1350 utplu—

430 1379 577 1414 rimum
607 1386 742 1414 tamen
769 1375 1047 1413 fuscescentes
1075 1384 1144 1412 aut
1163 1374 1357 1426 fuliginei.
1417 1374 1532 1412 Odor
1550 1374 1666 1410 Anisi
1690 1373 1774 1412 fere

430 1451 493 1489 vel
532 1450 748 1488 Foeniculi.
807 1449 991 1501 Copiose
1020 1449 1160 1488 incolit
1189 1460 1356 1487 truncos
1384 1448 1591 1495 sacianos,
1639 1446 1774 1485 betuli-

432 1538 523 1570 νιος,
564 1525 746 1576 aliosque
785 1523 977 1562 arborum
1016 1524 1303 1562 frondosarum
1340 1523 1488 1561 varios.
1544 1522 1778 1574 Septembri

432 1609 472 1637 et
500 1613 593 1651 sqq.
624 1599 731 1637 unde
760 1599 945 1651 hyemem
976 1599 1172 1650 perdurat
1199 1602 1239 1635 in
1267 1611 1339 1636 ver
1367 1611 1511 1650 usque.

535 1678 627 1724 744.
672 1673 717 1711 B.
753 1672 1029 1712 odoratus.

798 1762 839 1793 α’,
870 1747 1051 1798 vulgaris

797 1835 838 1873 γ,
868 1821 1156 1874 polymorplzus

799 1893 857 1941 ὃὸ,
890 1897 1016 1933 tenuis

430 1969 599 2016 Matrix,
631 1983 654 2008 e
683 1969 759 2021 qua
786 1969 895 2007 lente
925 1969 1126 2008 evolvitur
1153 1968 1321 2021 fungus,
1359 1980 1581 2019 margoque
1609 1965 1706 2019 pilei
1734 1967 1777 2004 in

431 2045 517 2096 ipsa
562 2044 830 2096 explicatione
875 2045 1075 2083 versantis
1111 2065 1165 2072 —-
1202 2044 1340 2081 colore
1387 2042 1631 2094 superbiunt
1674 2042 1778 2079 laete

430 2117 677 2170 ferrugineo.
763 2117 869 2156 Hab.
903 2133 943 2166 α,
975 2118 1026 2155 ad
1065 2128 1234 2157 truncos
1273 2116 1465 2154 abietinos
1502 2115 1652 2167 ubique
1692 2115 1778 2154 Fere

430 2193 626 2245 vulgaris,
667 2195 853 2243 inprimis
882 2202 1102 2230 autumno:
1145 2191 1203 2239 ἑδ,
1234 2193 1285 2230 ad
1313 2191 1480 2230 eosdem
1515 2193 1668 2236 rarior,
1714 2188 1777 2227 di-

432 2267 578 2305 stincta
606 2267 719 2318 pileis
748 2266 863 2305 valde
893 2266 1105 2313 tenuibus;
1136 2266 1290 2313 habitu,
1321 2265 1470 2312 forma,
1502 2264 1651 2304 staturfi
1684 2277 1779 2302 cum

433 2342 479 2378 B.
524 2341 610 2380 fere
654 2342 891 2379 versicolore
934 2355 1188 2394 congruens,
1245 2342 1320 2379 sed
1365 2340 1504 2378 colore
1550 2340 1778 2387 (vivaciore

432 2418 577 2467 etiam)
632 2426 674 2454 et
711 2416 837 2454 odore
882 2415 934 2453 ad
978 2417 1025 2454 Β.
1075 2415 1288 2452 odoratum
1325 2424 1528 2467 spectans.
1609 2414 1778 2451 Inventa

434 2489 666 2539 (Moholzer
701 2490 861 2541 Haicle)
908 2493 1041 2542 primo
1085 2490 1276 2529 Octobri.
1361 2489 1520 2527 Ibidem
1569 2490 1690 2525 etiam
1733 2501 1775 2540 γ,

433 2563 647 2614 aliquoties
692 2574 856 2616 reperta
903 2566 955 2602 ad
1003 2564 1194 2603 caudices
1232 2564 1424 2617 abiegnos
1461 2563 1565 2601 locis
1603 2561 1778 2600 madidis

435 2636 642 2676 suffocatis
669 2637 903 2690 jamdudum
929 2639 1163 2692 projectos,
1194 2638 1410 2690 putredine
1439 2637 1598 2689 jamjam
1627 2636 1774 2676 dissol-

434 2710 605 2750 vendos.
665 2714 762 2753 Oct.
792 2716 899 2751 Nov.
