1928 3051
366 212 436 250 172

363 317 475 362 malo,
509 316 647 354 Pluteo
678 325 757 354 etc.
789 315 1008 352 naturalem
1038 313 1216 365 pulveris
1236 315 1356 365 copia
1378 313 1576 366 colorque
1603 329 1702 368 pro-

361 392 430 429 dit.
489 390 703 441 Gregaria,
746 392 828 425 imo
868 388 1200 438 subcaespitosa‚
1241 391 1421 426 occurrit
1449 392 1610 439 speeies
1639 389 1702 427 vel

359 466 550 517 sylvatica
591 463 693 501 locis
733 464 983 512 semiapricis
1028 463 1091 510 (v.
1130 474 1168 499 c.
1207 461 1603 512 Buchenwtildchen)
1639 460 1702 500 vel

361 539 566 576 hortensis
597 537 692 574 hinc
721 535 815 574 inde
844 535 949 586 juxta
978 547 1101 586 sepes
1130 544 1212 574 ete.
1268 536 1406 583 Maio,
1441 536 1586 574 Junio:
1628 539 1703 574 ite-

359 626 446 649 rum
477 609 722 662 Septembri.

463 690 553 735 492.
601 685 647 720 A.
688 683 740 720 G.
785 682 1044 721 collinus.

360 759 407 796 In
435 760 675 810 graminosis
713 757 991 803 sicciusculis,
1031 758 1181 807 pratis,
1221 759 1409 808 pascuis,
1448 759 1624 796 versuris
1651 778 1702 787 ‹—

362 833 480 871 eoelo
511 831 672 869 madido
700 830 918 883 frequens:
959 833 1154 882 perennis
1183 844 1313 882 paene
1341 831 1566 877 dicendus,
1599 841 1701 869 tem-

360 916 518 958 pestate
556 909 744 943 uimirum
783 904 941 943 favente
990 904 1161 943 vernans
1198 914 1240 943 et
1278 908 1453 944 aestivus
1490 918 1618 956 aeque
1654 917 1701 942 ac

359 980 608 1019 autumnalis.

607 1159 654 1207 c)
715 1155 1003 1194 Coccinei
1047 1166 1135 1192 etc.
1184 1156 1464 1192 nitentes.

462 1273 554 1326 493.
601 1274 651 1312 A.
694 1274 748 1311 G.
793 1277 1110 1312 coccineus.

360 1347 598 1400 Magnitudo
628 1348 869 1399 plerumque
897 1348 1143 1386 mediocris:
1174 1347 1376 1385 interdum
1408 1357 1542 1386 tamen
1570 1351 1705 1400 speci-

358 1425 465 1459 mina
494 1424 612 1460 etiam
642 1424 816 1473 ingentia
843 1421 1080 1468 habuimus,
1109 1421 1215 1473 pileo
1246 1422 1445 1460 triunciali
1465 1432 1544 1461 etc.
1603 1422 1703 1460 Vul—

357 1499 461 1548 garis
503 1506 684 1534 ceterum
725 1505 788 1534 est
825 1498 1014 1546 speeies,
1062 1499 1103 1532 in
1142 1499 1269 1547 pratis
1313 1497 1449 1535 aliisve
1488 1499 1702 1548 gramineis

358 1572 599 1621 praesertim
627 1569 934 1608 humidiusculis
971 1570 1122 1622 ubique
1157 1569 1246 1610 fere
1277 1571 1408 1610 obvia.
1466 1572 1544 1610 Per
1573 1581 1703 1609 totum

357 1654 604 1682 autumnum.

462 1722 554 1768 494.
601 1717 647 1754 A.
687 1716 740 1754 G.
784 1720 1023 1758 conieus.

726 1806 766 1837 α,
799 1792 937 1828 hilaris

721 1864 766 1913 β,
800 1867 924 1902 tristis

360 1936 566 1975 Lamellae
602 1940 643 1975 in
679 1937 726 1987 β,
756 1953 1061 1992 nonnumquam
1088 1940 1201 1987 basi,
1247 1940 1532 1992 praecedentis
1561 1941 1612 1980 ad
1639 1945 1700 1980 in-

359 2022 466 2056 star,
498 2012 798 2052 subconnexae.
854 2014 1034 2052 Vulnera
1071 2029 1164 2052 mox
1191 2025 1413 2054 atrescunt.
1471 2017 1699 2067 Specimina

358 2089 510 2137 passim
538 2087 727 2138 parvula,
771 2091 999 2136 teneriora,
1040 2089 1367 2141 semipellucida,
1398 2092 1577 2141 margine
1607 2089 1703 2128 sub-

361 2164 510 2199 striata.
577 2162 780 2202 Pratensis
820 2174 989 2216 utraque
1018 2173 1059 2200 et
1086 2162 1303 2215 frequens:
1346 2164 1540 2216 vulgatior
1567 2174 1702 2202 tamen

359 2233 419 2281 23„
473 2235 695 2274 Autumno.

462 2310 554 2361 495.
599 2310 646 2348 Α.
686 2309 738 2348 G.
775 2314 1135 2363 psittacinus.

360 2382 488 2421 Color
506 2383 632 2423 flavus
645 2415 654 2431 ,
686 2385 817 2425 luteus
835 2415 843 2433 ,
876 2386 1004 2426 fulvus
1022 2408 1074 2416 —-
1096 2389 1237 2425 taeniis
1261 2386 1510 2438 maculisque
1530 2400 1702 2426 amoene

359 2457 554 2496 viridIbus
570 2488 578 2503 ‚
610 2462 652 2496 in
674 2463 789 2499 sicco
809 2464 927 2499 etiam
948 2461 1056 2500 haud
1077 2475 1168 2499 raro
1193 2461 1523 2513 persistentibus,
1554 2464 1701 2512 pictus.

360 2530 473 2569 Loca
519 2536 721 2584 graminea
770 2536 1011 2574 sicciuscula
1069 2536 1165 2574 hinc
1209 2535 1305 2573 inde
1353 2535 1495 2573 incolit
1539 2538 1701 2586 species

359 2605 553 2655 pulchra,
595 2608 711 2646 coelo
752 2622 901 2648 sereno
929 2613 1155 2656 rarissima,
1194 2609 1333 2660 pluvio
1361 2607 1579 2660 frequens;
1623 2618 1701 2647 tar-

362 2678 453 2715 dior
488 2682 839 2722 antecedentibus.
906 2683 1139 2736 Septembri
1167 2693 1208 2722 et
1235 2686 1477 2735 praesertim
1507 2682 1695 2721 Octobri.
