1928 3051
1455 201 1505 240 55

160 311 280 360 brae,
311 313 508 365 globosae
526 343 535 361 ‚
565 313 787 353 admodum
816 317 1041 368 regulares:
1073 317 1205 356 ostioli
1233 320 1382 371 papilla
1411 335 1504 357 acu-

161 388 340 425 tiuscula.
408 389 515 426 Hinc
545 399 586 426 et
612 389 664 427 ob
695 401 871 429 crustam
907 405 1213 444 nonnumquam
1244 396 1502 432 cinerascen-

160 470 242 499 tem
289 473 427 501 nostra
469 463 640 501 forsitan
677 466 916 504 intermedia
951 469 1057 504 inter
1097 466 1139 505 S.
1183 465 1424 520 byssisedam
1461 479 1502 507 et

162 537 358 573 einer-eam
396 538 672 576 existimanda.
748 539 850 577 Hab.
889 544 1051 592 species
1089 542 1249 592 elegans
1286 543 1337 580 ad
1364 557 1501 582 ramos

159 613 314 657 varios,
368 611 513 649 salicis
556 611 739 663 Capreae
779 623 885 653 etc.:
936 616 1010 652 sed
1054 614 1248 652 abiecinos
1282 619 1501 670 pineosque

158 696 387 735 praeamat,
420 689 461 722 in
490 685 636 736 quibus
665 690 840 737 copiose
869 692 1049 731 occurrit
1075 700 1269 728 autumno
1300 692 1416 729 tardo
1453 705 1501 729 ac

159 760 341 809 inprimis
369 773 479 797 vere.

267 833 352 870 105.
399 835 438 871 S.
479 837 737 872 aurantia.

159 906 407 958 δρῖιαενιιῖαε
445 909 644 946 centrales
682 918 793 947 arcte
822 920 1067 962 congestae,
1120 913 1356 964 marginales
1386 926 1500 965 spar—

157 995 248 1019 sae:
280 981 561 1021 adolescentes
590 983 759 1034 gelatina
791 983 911 1022 fluxili
943 995 1127 1037 turgent,
1171 1000 1272 1038 quae
1311 987 1405 1025 dein
1434 1002 1501 1026 ca—

156 1056 297 1106 psulae
344 1059 561 1094 etiamnum
612 1058 766 1096 inclusa
803 1061 844 1095 in
881 1072 1052 1097 massam
1103 1060 1234 1098 albam
1273 1060 1499 1100 farinaceo-

156 1130 350 1168 viscidam
387 1141 666 1170 maturescens
704 1132 803 1171 abit.
860 1134 1002 1171 Farina
1040 1135 1114 1173 ista
1144 1135 1376 1186 sphaerulas
1406 1136 1500 1174 alias

157 1214 260 1242 totas
289 1203 460 1251 farctas,
506 1206 599 1243 alias
638 1205 713 1257 jam
745 1217 955 1245 evacuatas
985 1208 1063 1245 villi
1091 1209 1141 1247 ad
1170 1212 1294 1247 instar
1323 1224 1499 1248 corona-

156 1283 215 1316 tas
266 1278 627 1330 deprehendimus.
711 1280 867 1318 ostiola
917 1282 1080 1321 dilutius
1128 1297 1252 1335 saepe
1300 1284 1496 1332 colorata,

156 1352 451 1403 su'bpellucida.
529 1355 771 1392 Parasitatur
816 1358 979 1393 minime
1018 1371 1106 1394 rara
1141 1371 1232 1395 mox
1266 1360 1308 1395 in
1342 1358 1497 1396 Boletis

156 1426 415 1476 (versicolore
454 1430 561 1479 etc.)
606 1442 696 1466 mox
730 1432 771 1467 in
816 1429 965 1468 Sem-eis
1013 1430 1282 1484 Cor-ticiisque
1326 1436 1497 1472 vetustis

155 1501 477 1541 semidestructis
507 1512 676 1542 truncos
706 1505 864 1552 alueos,
912 1509 1060 1557 pineos
1095 1516 1176 1544 etc.
1207 1506 1494 1546 incolentibus.

154 1576 375 1614 Perennis:
404 1576 539 1628 junior
569 1590 660 1615 sero
688 1589 907 1626 autumno,
939 1580 1078 1618 fertilis
1106 1594 1202 1619 vere
1231 1591 1272 1618 et
1298 1591 1466 1621 aestate.

262 1650 348 1689 106.
395 1653 432 1688 S.
469 1651 671 1689 rosella
707 1667 874 1692 Nonts.

153 1724 196 1763 S.
237 1721 446 1780 conferta,
494 1727 714 1779 sphaerulis
751 1744 770 1765 e
807 1727 970 1779 globoso
1020 1728 1112 1765 dein
1150 1730 1279 1767 evacis
1315 1741 1495 1767 saturam

153 1801 274 1837 roseis
309 1800 569 1852 papillatus
594 1814 750 1840 crustae
787 1814 1029 1841 tomentosae
1075 1803 1262 1850 rosellae,
1310 1805 1494 1857 margine

152 1874 311 1920 niveae,
342 1875 611 1914 insidentibus.

228 1949 405 1997 Habitu,
438 1952 572 1990 crusta
602 1953 857 2000 tomentosa,
898 1953 1203 2005 sphaerularum
1232 1956 1310 1992 situ
1338 1954 1491 1992 adulta-

148 2037 320 2075 rumque
356 2024 488 2063 forma
526 2048 580 2055 —
616 2031 801 2079 congruit
839 2042 931 2066 cum
971 2028 1269 2079 praecedente:
1317 2039 1492 2067 attamen

147 2098 211 2134 vel
240 2099 388 2138 coloris
417 2103 547 2152 ipsius
574 2101 806 2140 alienissimi
834 2102 975 2141 caussa
999 2117 1116 2154 quam
1141 2103 1260 2154 digna
1284 2106 1357 2148 sit,
1390 2117 1491 2155 quae

149 2183 385 2223 separetur,
421 2189 543 2214 nemo
573 2191 658 2215 non
685 2178 809 2216 videt.
872 2176 1017 2215 Crustu
1047 2191 1068 2214 e
1099 2187 1283 2215 tomento
1315 2178 1489 2216 delicato

149 2246 352 2295 conflata,
395 2249 516 2288 laxius
545 2254 659 2289 initio
691 2262 903 2298 contexta,
951 2252 1256 2298 candidissima,
1306 2252 1489 2289 colorem

148 2321 350 2371 paullatim
379 2325 420 2360 in
448 2334 591 2362 centro
621 2325 751 2363 induit
778 2330 1050 2371 incarnatum3
1099 2325 1318 2377 superficie
1348 2328 1489 2364 etiam-

146 2408 242 2432 num
273 2397 420 2443 sterili,
463 2399 537 2437 sed
575 2398 878 2451 sphaerularum
906 2400 1040 2451 paullo
1069 2410 1168 2451 post
1196 2403 1489 2452 emergentium

145 2471 372 2519 primordia
406 2471 563 2524 jamjam
601 2477 886 2512 annunciante.
952 2476 1054 2511 Sunt
1088 2474 1162 2512 hae
1201 2488 1277 2525 per
1315 2485 1488 2513 aetatem

145 2543 366 2583 infantilem
403 2546 625 2598 globosae,
676 2548 959 2595 mollissimae,
1008 2548 1287 2600 pellucentes,
1335 2562 1487 2601 aquoso

145 2618 340 2669 pallidae,
380 2621 578 2660 vesiculas
616 2635 765 2674 aqueas
794 2633 931 2661 exacte
960 2623 1207 2662 referentes:
1246 2623 1486 2661 adolescen-

147 2700 206 2731 tes
236 2693 355 2742 dein,
402 2695 499 2734 dum
528 2697 710 2734 ostiolum
739 2697 931 2736 obtusum
962 2698 1271 2737 crassiusculum
1302 2712 1394 2737 cum
1423 2711 1486 2737 se-

1519 1658 1598 1689 Tub.
1610 1659 1677 1689 &⁷11
