1928 3051
448 218 521 252 252

449 332 507 370 vel
535 329 769 368 subs-abente
797 331 1064 385 einer-ascena-
1094 328 1258 381 papillis
1287 330 1510 384 majusculis
1535 333 1676 369 crassis
1696 346 1784 370 con·

448 407 638 451 cet-vatis,
674 405 858 455 margine
886 403 1097 440 reticulato
1128 404 1317 441 intricate
1347 404 1541 442 discolore
1569 405 1759 444 olivaceo.

551 479 776 518 cornetum
813 478 999 530 elegans,
1040 477 1247 529 praeclare
1285 478 1548 518 distinctum:
1589 479 1786 520 biunciale

445 554 554 600 fere,
597 553 734 592 medio
765 565 970 600 crassum,
1002 565 1240 599 carnosum,
1272 553 1551 591 succulentum
1569 584 1578 601 ‚
1608 558 1786 607 margine

444 627 642 666 libros-um
663 630 828 666 siccum.
860 627 1067 677 IVIarginis
1083 626 1209 666 librae
1221 626 1362 666 firmae
1381 628 1670 667 crassiusculae
1682 629 1786 668 laete

443 701 645 740 olivaceae
674 715 856 740 ramosae
873 731 882 748 ,
913 701 1071 739 reticuli
1092 700 1309 754 inaequalis
1337 705 1379 740 in
1407 705 1586 754 speciem
1611 703 1787 755 quaqua-

445 789 584 815 versus
622 779 846 814 intricatae.
923 778 1096 815 Nonnisi
1142 776 1267 815 semel
1312 776 1525 830 hucusque
1561 779 1786 816 invenimus

444 853 619 902 speciem
648 853 891 889 rarissimam
930 850 1139 897 cenarem,
1185 851 1300 902 lignis
1329 852 1456 900 pineis
1484 850 1687 890 artefactis
1716 865 1785 890 ve-

446 928 560 964 tustis
596 925 926 977 putrescentibus
962 928 1261 964 increscentem
1300 925 1364 975 (in
1394 925 1494 964 cella
1525 925 1783 977 Seminarii).

444 1001 639 1037 Ianuario.

544 1074 635 1124 841,
683 1076 733 1112 T.
775 1074 1075 1126 sulphurea.

444 1147 674 1200 Propinqua
713 1159 774 1187 est
817 1149 1049 1186 Himantiae
1084 1148 1339 1201 sulphureae:
1378 1162 1456 1187 nec
1494 1149 1640 1187 limites
1679 1149 1785 1187 inter

443 1233 656 1274 utrumque
697 1221 859 1274 fungum
901 1233 1035 1261 certos
1081 1236 1205 1261 nosse
1252 1236 1330 1261 nos
1376 1226 1549 1274 ingenue
1596 1222 1779 1261 fatemur.

442 1296 602 1334 Crescit
642 1309 734 1334 mox
770 1297 947 1347 pinicola
985 1311 1080 1335 mox
1125 1299 1330 1336 terrestris
1366 1299 1407 1334 in
1444 1297 1563 1349 sylvis
1601 1300 1784 1336 acerosis

439 1373 587 1422 passim
616 1370 823 1423 frequens.
883 1371 1074 1422 Inprimis
1103 1380 1309 1409 autumno.

543 1445 635 1495 84*¹
683 1447 734 1485 T.
776 1449 1009 1485 cinerea.

806 1535 846 1566 α,
879 1522 1067 1558 continua

440 1594 623 1646 Papulas
663 1594 968 1634 observavimus
1008 1598 1049 1632 in
1087 1605 1270 1634 nostrate
1309 1608 1451 1647 parvas
1487 1608 1595 1634 raras
1630 1595 1787 1648 absque¹

440 1669 583 1707 ordine
621 1682 805 1721 sparsas:
847 1672 1005 1721 spurias
1042 1668 1237 1715 Forsitan,
1278 1683 1356 1708 nec
1394 1672 1471 1708 nisi
1499 1683 1521 1707 a
1549 1669 1657 1721 ligno
1689 1669 1784 1708 sub-

438 1743 597 1795 jacente
627 1744 836 1783 oriundas.
894 1744 1087 1783 Ceterum
1115 1744 1261 1791 laevis,
1301 1743 1435 1796 glabra
1453 1773 1461 1789 ,
1500 1757 1576 1795 per
1604 1747 1781 1784 exsicca·

439 1821 595 1857 tionem
631 1818 745 1857 valde
783 1821 934 1857 rimosa
962 1818 1109 1857 evadit.
1182 1817 1430 1869 Spitliamani
1459 1828 1500 1856 et
1526 1818 1629 1857 ultra
1655 1822 1782 1858 inter·

439 1894 535 1930 dum
563 1893 706 1945 longa,
751 1907 766 1931 1
786 1914 837 1922 -—
855 1906 878 1930 2
906 1906 998 1931 unc.
1028 1893 1117 1931 lata.
1181 1892 1331 1931 Incolit
1371 1902 1537 1932 truncos
1564 1906 1782 1946 ramosque

437 1970 570 2006 varios
589 1967 780 2006 arborum
803 1966 1109 2014 frondosarum,
1132 1965 1321 2005 sambuci
1343 1981 1582 2014 racemosae,
1603 1968 1779 2016 Aesculi,

437 2041 555 2088 Alai,
585 2044 737 2094 passim
759 2042 1048 2094 (Il‘Ionplaisir;
1081 2041 1289 2080 Mokolzer
1312 2041 1470 2085 Haiclc;
1501 2041 1598 2080 hohe
1618 2042 1778 2093 Linde).

438 2117 572 2162 Vere,
603 2126 814 2155 autumno.

539 2190 630 2240 843.
678 2193 729 2230 T.
772 2191 1066 2231 Cerebella.

434 2267 635 2304 Formosa
663 2268 848 2317 species,
880 2265 1032 2314 effusa,
1063 2269 1227 2318 ingens,
1257 2264 1414 2317 pedalis
1437 2275 1478 2303 et
1499 2265 1616 2304 ultra.
1659 2264 1778 2305 Color

435 2339 532 2378 huic
560 2340 829 2380 subdivisioni
856 2354 1000 2392 parum
1031 2340 1296 2393 adaequatus.
1355 2338 1599 2378 Membrana
1628 2353 1777 2390 crassa,

434 2415 591 2459 mollis,
621 2428 644 2453 a
672 2418 839 2454 matrice
867 2414 982 2454 facile
1011 2414 1209 2462 solubilis,
1241 2413 1477 2466 epapillata:
1510 2428 1631 2467 supra
1649 2415 1777 2454 altero

432 2487 557 2527 latere
605 2490 883 2528 colliculoruin
925 2503 973 2528 ac
1018 2502 1211 2542 gyroruin
1257 2489 1435 2527 velutina
1481 2489 1693 2529 subnitens
1733 2503 1780 2529 ex

432 2563 523 2600 albo
560 2563 772 2612 flavkans,
811 2564 939 2603 altero
978 2564 1188 2616 procellae
1229 2566 1341 2616 quasi
1371 2577 1454 2616 ope
1483 2564 1610 2603 dense
1643 2563 1781 2603 afflata

433 2639 599 2691 pulvere
636 2641 811 2690 copioso
851 2639 1128 2691 grossiusculo
1165 2652 1187 2676 e
1225 2637 1455 2690 Feri-ugineo
1505 2638 1775 2678 olivascente:

435 2712 576 2753 subtus
604 2722 1103 2761 araneoso-tomentosa,
1132 2712 1285 2760 albida,
1315 2712 1483 2752 maculis
1513 2727 1536 2752 e
1563 2712 1674 2752 luteo
1703 2712 1779 2751 oli—
