1928 3051
407 210 481 260 354

404 332 444 366 in
474 329 650 380 stipulis,
681 329 865 375 ramulis,
897 326 1002 367 foliis
1022 328 1353 380 putrescentibus
1383 330 1553 382 dejectis
1582 331 1744 382 (Handss

405 402 480 440 lm
510 403 733 453 Seianum),
764 401 960 440 imbribus
989 405 1176 454 praeviis.
1234 404 1420 442 Finiente
1448 405 1586 445 Junio.

512 475 624 514 1056.
670 478 710 514 S.
751 475 1030 528 byssinum.
1670 527 1672 529 Ι

405 551 538 588 Primo
567 551 783 588 candidum
813 549 975 588 tandein
1015 549 1290 601 subpallescit.
1346 552 1556 592 Hactenus
1583 556 1747 593 nonnisi

404 627 444 661 in
471 625 665 675 Agru-icis
703 624 919 676 denigratis
956 623 1145 675 putribus
1184 627 1414 672 inventum,
1455 640 1561 678 quos
1597 630 1746 679 passini

403 697 520 750 longe
557 699 717 750 lateque
751 707 1007 751 aggregatum
1051 698 1160 736 haud
1198 698 1435 751 infrequens
1483 710 1662 753 occupat
1705 704 1746 738 in

403 772 608 811 umbrosis
638 774 702 822 (v.
735 787 773 811 c.
814 769 1066 829 Ullcrsdorf;
1099 772 1495 826 SohlanderBerg).
1554 774 1743 822 Octobri,
1789 760 1791 770 γ

403 846 643 886 Novembri.

620 983 671 1034 b)
729 983 1525 1038 Strongylocephala.

512 1069 620 1121 1057.
665 1071 704 1106 S.
744 1071 1032 1120 micropus.

404 1142 554 1195 Stipite
581 1143 794 1195 perbrevi,
825 1146 867 1180 in
894 1146 1044 1182 nostris
1067 1143 1284 1194 capitulum
1310 1148 1372 1183 vix
1392 1154 1634 1196 superante,
1665 1147 1745 1183 imo

402 1220 518 1255 initio
549 1230 679 1269 paene
708 1217 922 1264 breviore,
953 1231 975 1255 a
1002 1218 1167 1270 reliquis
1187 1218 1376 1257 omnibus
1395 1218 1566 1257 recedit.
1625 1219 1745 1257 Cras-

403 1291 603 1330 siusculus
634 1301 813 1329 ceterum
842 1300 926 1337 est,
977 1292 1156 1343 capitulo
1187 1293 1411 1340 concolor,
1460 1292 1635 1330 albidum
1665 1306 1748 1332 ser—

402 1377 500 1403 vans
530 1365 725 1404 colorem.
784 1366 1019 1405 Exsiccatus
1058 1366 1245 1418 fungillus
1285 1376 1396 1405 totus
1432 1367 1547 1405 valde
1587 1377 1749 1406 contra—

404 1448 493 1478 ctus
523 1448 565 1477 et
593 1448 731 1477 exacte
770 1439 1015 1492 byssoideus
1050 1451 1243 1492 apparet,
1287 1440 1450 1492 capituli
1488 1451 1622 1479 tamen
1653 1442 1747 1480 reli-

404 1516 506 1565 quiis
535 1517 750 1552 etiamnum
792 1524 1028 1553 coronatus.
1085 1516 1237 1553 Lectus
1265 1518 1308 1552 in
1334 1515 1443 1566 ligno
1473 1514 1642 1567 abiegno
1668 1530 1745 1567 pu-

404 1587 624 1626 trIdissimo
655 1588 932 1627 subcorticalis
962 1592 1165 1640 gregarius
1195 1591 1235 1626 in
1264 1589 1356 1627 udis
1386 1588 1578 1638 (Bihaner
1597 1590 1746 1639 Bruch)

402 1661 538 1700 medio
569 1662 714 1713 Aprili.

512 1736 623 1774 1058.
670 1738 708 1774 S.
749 1736 1115 1775 rubicundum.

766 1809 847 1859 ββ,
870 1807 1125 1866 fimetarium

405 1885 469 1920 An
504 1883 824 1936 sejungendum?
871 1883 1002 1936 Stipes
1038 1884 1205 1922 bulbillo
1245 1885 1403 1922 cuidam
1440 1885 1613 1929 insidet,
1653 1889 1745 1939 rigi-

404 1957 635 2004 diusculus,
685 1961 926 2010 persistens.
1016 1958 1244 2010 Capitulum
1282 1959 1551 2007 subovatum,
1603 1974 1744 2011 parum

405 2044 712 2083 compressum,
764 2035 804 2069 in
844 2035 992 2071 nostris
1034 2033 1314 2084 (senioribus)
1353 2033 1582 2081 turbidum,
1631 2034 1746 2073 facile

404 2105 636 2144 deciduum.
696 2106 865 2143 Statura
896 2106 1140 2153 mchocriS,
1178 2107 1476 2158 sesquilinearis
1504 2107 1603 2146 fere.
1661 2108 1746 2147 Re-

403 2180 509 2231 liqua
549 2194 640 2224 cum
679 2195 719 2226 α,
761 2189 1004 2230 congruunt.
1089 2180 1155 2217 Ad
1192 2190 1350 2219 stercus
1399 2181 1670 2234 capr-colinum
1705 2185 1747 2219 in

402 2253 492 2291 udis
520 2254 626 2291 inter
656 2254 896 2306 Polytriclza
925 2253 1109 2306 (Haisle)
1138 2258 1378 2307 gregarium.
1436 2256 1572 2294 Primo
1601 2256 1743 2308 Aprili.

511 2328 622 2379 1059.
670 2330 707 2365 S.
747 2328 960 2366 luteum.

407 2401 637 2453 Capitulum
674 2405 788 2440 initio
826 2401 1121 2454 subglobosum
1162 2402 1257 2441 dein
1301 2403 1348 2440 fit
1389 2403 1517 2442 ovele.
1576 2403 1743 2451 Habitu,

404 2485 577 2522 statura,
608 2476 705 2514 loco
733 2475 887 2514 natali·
907 2490 998 2514 cum
1030 2475 1072 2514 S.
1105 2474 1263 2529 byssino
1293 2476 1377 2514 fere
1407 2480 1622 2516 convenit:
1671 2479 1744 2517 sed

405 2552 563 2601 egregie
593 2550 714 2589 distat
742 2550 874 2587 colore
914 2549 1044 2588 vivide
1072 2550 1183 2589 luteo
1212 2551 1276 2589 vel
1302 2564 1436 2589 aureo.
1491 2553 1646 2589 Totum
1682 2564 1746 2590 se-

403 2621 483 2659 mel
509 2622 734 2673 Agat-icum
762 2623 1034 2676 putrefactum
1071 2621 1356 2681 (Ullcrsdorf)
1393 2628 1534 2678 specie
1563 2625 1744 2678 elegante

404 2695 612 2734 obtectum
641 2697 824 2737 vidimus.
881 2699 1065 2738 Postimo
1097 2699 1286 2738 Octobri.
