1928 3051
422 228 494 267 192

420 343 508 370 trat.
568 331 700 382 Stipes
727 330 838 376 bas1‚
870 331 1108 380 praesertim
1138 331 1177 366 in
1208 329 1464 381 junioribus,
1495 344 1620 384 saepe
1646 333 1760 371 valde

419 416 570 450 tumet,
613 405 720 442 unde
756 404 805 441 ad
844 406 984 442 uncias
1023 401 1092 456 3111*
1130 404 1224 441 dein
1264 404 1510 457 plerumque
1534 406 1757 457 elongatur.

420 479 550 517 Pileus
579 481 691 515 initio
721 480 896 529 margine
937 477 1198 516 subinvoluto
1237 478 1526 530 ellipsoitleus:
1572 479 1667 518 dein
1695 495 1762 518 ex-

418 563 508 591 acte
549 563 589 590 et
625 555 893 604 persistenter
933 552 1251 602 campanulatus.
1318 552 1416 602 Ejus
1457 567 1560 604 aper
1603 556 1762 593 intense

418 630 533 678 niger
572 637 655 674 est,
709 626 818 664 unde
862 635 992 663 aetate
1035 625 1169 662 adultzi
1209 625 1319 663 color
1355 639 1496 665 versus
1539 629 1763 677 marginem

418 714 494 752 per
524 701 646 738 livido
666 723 684 729 -
704 700 937 738 coeruleum
968 699 1159 738 albescit:
1192 699 1309 738 simili
1338 700 1421 739 l'ere
1450 703 1605 738 ratione
1634 704 1763 753 stipes

420 778 537 813 etiam
569 788 590 811 e
620 777 840 826 nigricante
878 787 1038 812 sursum
1078 774 1228 825 pallere
1268 773 1388 813 solet.
1447 774 1764 814 Consenescens

421 859 530 888 totus
560 849 705 900 fungus
734 848 868 899 paullo
900 848 1060 885 dilutior
1089 848 1235 886 evadit.
1299 849 1411 886 Loca
1438 858 1543 887 amat
1572 849 1764 888 umbrosa

419 924 608 970 humida,
656 937 756 975 quae
793 925 942 974 passim
974 922 1098 972 (Seer
1128 921 1433 973 Lehmgruben;
1479 922 1577 959 hoho
1606 922 1762 966 Linde,-

418 993 690 1051 Jci'tzketzslz›1·f;
736 993 984 1052 Ullersdors)
1025 997 1167 1034 incolit
1209 996 1461 1042 Novembri,
1513 997 1761 1035 Decembri:

419 1073 525 1111 unde
554 1076 672 1110 vitam
703 1085 778 1122 per
807 1070 993 1123 hyemem
1024 1071 1200 1122 pluviam
1219 1081 1346 1109 totam
1370 1071 1607 1122 producens
1631 1075 1764 1109 etiam-

419 1161 514 1186 num
546 1149 746 1184 invenitur
775 1146 897 1182 Mart.
931 1145 1033 1195 Apr.

522 1221 613 1271 539.
660 1220 709 1256 A.
747 1219 804 1255 M.
845 1218 1083 1269 galopus.

422 1293 553 1333 Pileus
583 1307 675 1331 cum
704 1291 872 1329 lamellis
908 1305 984 1343 pro
1020 1292 1103 1329 loci
1133 1291 1364 1330 diversitate
1393 1291 1519 1329 modo
1549 1305 1761 1340 exsuccus,

418 1368 546 1406 modo
575 1370 666 1418 ipse
696 1379 860 1418 quoque
889 1365 982 1417 plus
1010 1368 1143 1404 minus
1171 1365 1422 1404 lactescens:
1454 1365 1540 1418 ejus
1571 1381 1675 1419 apex
1703 1369 1766 1404 ni-

420 1445 558 1495 gricat.
631 1441 803 1492 Vulgata
839 1440 960 1479 nobis
1000 1443 1162 1491 species
1196 1454 1364 1479 muscos
1401 1443 1560 1491 appetit
1586 1441 1763 1487 altiores,

420 1519 605 1569 inprimis
645 1516 853 1568 Sphagna,
907 1515 1052 1567 quibus
1094 1514 1232 1552 radice
1271 1515 1455 1552 inhaeret
1483 1514 1767 1553 albo-villosa

422 1605 546 1643 saepe
575 1593 670 1630 satis
698 1590 833 1642 longei.
890 1590 939 1627 In
968 1589 1168 1641 sylvaticis
1197 1589 1407 1641 uliginosis
1439 1589 1599 1641 ubique.
1655 1590 1766 1640 Sept.

424 1667 520 1704 Oct.

527 1739 617 1777 550.
663 1738 713 1776 A.
754 1738 814 1775 M.
857 1737 1222 1788 haematopus.

423 1813 695 1859 Fasciculata,
735 1811 940 1863 stipitibus
969 1825 1092 1863 saepe
1123 1812 1228 1860 (loci
1258 1811 1424 1862 caussfi)
1454 1813 1655 1856 incurvis;
1697 1809 1768 1849 ha-

423 1887 511 1926 bitu
571 1886 866 1938 crescendique
920 1885 1046 1923 modo
1096 1886 1154 1925 M.
1202 1884 1511 1936 galericulatam
1567 1884 1764 1923 referens.

429 1962 530 1999 Tota
558 1965 599 1998 in
627 1964 778 1999 nostris
808 1961 910 2009 (nec
939 1960 1048 2010 pileo
1077 1973 1155 1997 nec
1176 1959 1340 1998 lamellis
1364 1961 1574 2010 exceptis)
1599 1972 1767 1996 succum

426 2036 614 2074 crebrum
651 2038 809 2073 intense
848 2048 1099 2086 purpureum
1138 2037 1306 2084 promit.
1365 2033 1412 2070 In
1453 2036 1606 2070 truncis
1636 2035 1767 2083 putri-

425 2111 600 2149 dissimis
641 2108 820 2159 abiegnis
860 2109 945 2157 (vix
982 2107 1091 2157 aliis)
1131 2108 1344 2158 aliquoties
1392 2107 1497 2145 lecta
1533 2106 1768 2157 (Mokolzer

426 2183 560 2223 Ilaicle
587 2186 761 2235 passim3
798 2181 977 2232 Trc‘inkc)
1008 2182 1110 2232 Aug.
1142 2183 1256 2232 Sept.

530 2258 619 2296 551.
667 2258 716 2295 A.
756 2258 817 2295 M.
858 2257 1137 2307 laevigata.

428 2333 558 2370 Pileus
586 2346 727 2383 parum
757 2335 944 2377 striatus,
974 2333 1128 2367 vertice
1158 2329 1308 2367 obtuso
1339 2328 1666 2379 campanulatus,
1697 2325 1768 2381 [4s6

424 2407 492 2444 lin.
530 2407 726 2444 diametro
763 2418 955 2457 aequans.
1015 2404 1148 2456 Stipes
1176 2403 1319 2455 (cujus
1349 2406 1389 2439 in
1417 2405 1647 2440 universum
1676 2402 1766 2440 lon—

425 2481 564 2532 gitudo
595 2484 636 2518 in
657 2481 873 2531 Agaricis‚
906 2489 947 2517 et
968 2481 1207 2530 praesertim
1232 2477 1394 2529 quidem
1419 2477 1597 2521 tenellis,
1629 2490 1650 2515 a
1669 2476 1764 2514 loco

427 2556 544 2592 natali
572 2558 696 2606 magis
725 2554 903 2606 pendet,
947 2567 1066 2606 quam
1094 2563 1137 2590 ut
1167 2552 1442 2590 characterem
1479 2549 1614 2601 paullo
1645 2550 1767 2588 stabi-

428 2629 570 2667 liorem
601 2629 864 2680 suppeditare
893 2629 1051 2680 possit)
1079 2628 1129 2665 ad
1157 2631 1182 2676 4
1205 2639 1296 2664 unc.
1322 2635 1363 2663 et
1384 2624 1509 2671 ultra,
1541 2624 1610 2661 ubi
1636 2622 1767 2675 (quod

429 2717 551 2755 saepe
579 2703 651 2754 fit)
691 2717 767 2755 per
794 2716 959 2742 muscos
987 2714 1186 2754 proceros
1215 2700 1354 2738 altiora
1388 2701 1514 2749 petit,
1561 2696 1763 2749 protrahi-
