1928 3051
216 2631 254 2659 T.
276 2629 371 2660 VIII.

252 2693 278 2723 fv
304 2701 330 2728 5.

392 191 469 242 348

392 313 535 350 latatus
574 314 613 348 in
653 309 836 360 capulam
878 310 1037 361 planam
1082 311 1145 350 vel
1183 313 1553 362 concaviusculam‚
1602 315 1736 364 4-6

394 387 461 424 lin.
494 387 633 432 latam,
677 384 840 422 thecnlis
877 384 1134 424 creberrimis
1173 401 1290 426 more
1314 391 1472 440 generis
1502 391 1737 441 prominen-

396 461 501 499 tibus
536 463 651 511 nigro
675 481 696 488 -
720 469 977 510 punctatam,
1029 463 1248 512 marginem
1296 475 1436 501 versus
1473 472 1733 503 attenuatam.

399 534 592 573 'fhcculae
619 538 721 573 istae
749 543 926 572 maturae
955 533 1007 571 ad
1036 544 1187 573 tactum
1216 536 1402 588 diruptae
1436 538 1616 590 spot-ulus
1645 551 1737 578 suas

394 613 431 648 vi
461 609 626 648 clasticfi
662 608 905 648 vehemente
942 608 1040 647 finni
1077 610 1129 648 ad
1166 613 1292 650 instar
1320 611 1620 664 projaculantes
1648 613 1737 651 lati-

395 698 485 723 cem
523 684 639 722 simul
678 684 872 730 fundunt,
921 697 1002 736 quo
1043 684 1181 724 discus
1220 688 1407 737 irrigatus
1445 686 1570 738 digito
1606 687 1739 726 ablato

394 772 488 796 mox
517 761 708 796 cernitur.
769 757 1003 797 Substantia
1033 773 1221 799 carnosa:
1262 762 1373 798 color
1412 771 1615 800 constans.
1669 762 1739 800 In-

394 836 527 886 gentia
555 847 603 872 ac
631 833 859 885 frequentia
895 833 1052 885 speciei
1090 834 1277 873 notabilis
1316 838 1471 887 agmina
1498 835 1669 875 vidimus
1696 839 1738 874 in

394 909 509 959 lignis
548 911 680 959 pineis
720 908 949 946 fabrefactis
988 908 1261 947 subterraneis
1306 910 1431 962 (aqua
1461 909 1641 947 cloacina
1669 911 1738 948 ali-

396 983 585 1035 quamdiu
619 983 723 1021 male.
761 985 1002 1035 inquinatis,
1037 996 1084 1020 ac
1119 983 1213 1021 inde
1249 987 1551 1023 restaurationis
1580 987 1620 1022 in
1647 997 1738 1037 gra-

397 1060 490 1094 tiam
519 1057 710 1108 effossis)
737 1057 1062 1109 aquaeductuum
1086 1055 1403 1115 (Anstcclcshof).
1459 1058 1631 1098 Ineunte
1651 1062 1739 1098 No-

394 1131 561 1169 vembri.

503 1204 616 1243 1038.
662 1206 713 1243 A.
755 1205 1107 1243 furfuraceus.

397 1279 564 1317 Statum}
593 1280 695 1317 ludit
723 1290 764 1318 et
793 1280 939 1317 colore.
997 1279 1234 1331 pervulgata
1267 1283 1428 1330 species
1456 1282 1498 1317 in
1525 1280 1624 1319 fimo
1655 1295 1742 1321 vac·

395 1357 485 1391 cino
534 1356 715 1406 pratensi
762 1355 1064 1407 sylvaticoque,
1124 1367 1202 1404 per
1251 1367 1373 1391 omne
1418 1359 1511 1393 anni
1550 1365 1737 1408 tempus:

393 1431 524 1466 rarior
550 1429 696 1467 incolit
722 1429 904 1467 merdam
933 1428 1173 1476 humanam,
1204 1438 1372 1467 aestate.
1469 1412 1472 1415 ἢ

503 1503 616 1555 1039.
663 1504 714 1542 A.
755 1516 1002 1541 carneus.

395 1579 602 1616 Praeclare
632 1578 819 1616 distincta
859 1580 1045 1628 species:
1098 1575 1347 1616 disciformis
1385 1579 1741 1631 convexo-plana

396 1652 457 1690 vel
486 1666 655 1703 prorsus
685 1653 919 1704 applanata‚
951 1651 1110 1704 glabra,
1143 1651 1268 1690 dilute
1296 1654 1438 1691 vinosa
1466 1654 1551 1691 sive
1580 1666 1737 1699 carnea,

395 1727 580 1778 margine
615 1729 677 1765 vix
713 1727 818 1773 ullo,
862 1726 982 1763 thecis
1022 1729 1207 1778 copiosis
1243 1727 1482 1778 prominulis
1520 1741 1543 1766 e
1579 1730 1741 1779 generis

395 1815 509 1839 more
538 1804 673 1853 nigris.
729 1801 956 1848 Pulchella,
1002 1800 1339 1851 semipellucens‚
1378 1804 1551 1849 minuta,
1592 1802 1740 1841 semili-

394 1889 512 1914 neam
541 1875 625 1914 fere
655 1876 741 1914 lata.
797 1878 970 1914 Nonnisi
1008 1876 1085 1912 una
1121 1877 1207 1913 vice
1235 1885 1399 1927 reperta
1428 1876 1501 1913 fnit
1529 1880 1569 1913 in
1597 1875 1737 1914 fimeto

394 1949 581 1988 hortensi
611 1950 916 2000 (Herrnhutii)‚
948 1958 1172 2001 aggregata.
1230 1950 1366 1998 Primo
1396 1951 1533 1988 Junio.

505 2030 616 2074 10:¹40.
662 2025 711 2062 A.
750 2024 943 2076 glaber.

394 2096 630 2138 Exsiccatus
672 2109 782 2137 totus
820 2100 1026 2151 nigrescit.
1112 2097 1160 2135 In
1198 2107 1382 2136 stercore
1428 2099 1600 2136 vaccino
1636 2098 1739 2138 locis

394 2174 599 2212 umbrosis
636 2174 795 2226 jacente
834 2173 892 2221 (v.
923 2186 957 2210 c.
991 2167 1234 2226 Quizdorfer
1263 2171 1418 2222 Busclz)
1455 2185 1533 2210 nec
1560 2175 1650 2225 ipse
1678 2176 1739 2210 in—

394 2248 587 2300 frequens
617 2261 707 2287 esse
747 2247 931 2285 videtur:
973 2260 1112 2284 verum
1148 2246 1201 2284 ob
1237 2246 1494 2298 pusillitatem
1535 2247 1740 2285 colorem-

397 2337 474 2375 que
514 2323 606 2361 loco
644 2322 764 2360 natali
803 2320 1133 2361 subconf01me1n
1171 2323 1328 2373 aegrius
1369 2324 1536 2360 eruitur.
1620 2324 1741 2374 Viget

396 2400 633 2450 praeprimis
662 2407 869 2435 autumno.

678 2481 1455 2534 57.HELOT1U-1.

792 2557 828 2586 A.
893 2556 917 2584 C
959 2557 986 2585 A
1030 2556 1057 2584 R
1100 2556 1130 2584 N
1173 2556 1201 2584 O
1245 2555 1265 2584 S
1308 2555 1344 2584 A.

504 2625 615 2669 1041.
663 2620 717 2657 H.
756 2620 1045 2659 radicatum
1083 2632 1254 2657 nonas.

1568 2465 1595 2484 d

398 2694 452 2732 H.
485 2693 738 2740 radicatum,
776 2694 896 2732 volvei
933 2694 1047 2731 nives}
1084 2695 1216 2744 primo
1253 2691 1566 2738 ίιιυοὶιιενατιυη,
1605 2692 1739 2744 stipite
