1928 3051
1413 219 1488 259 253

141 353 233 378 xum
277 350 412 378 tamen
459 340 698 393 exiguitate,
748 338 1000 378 substantiae
1051 338 1316 392 colorumque
1359 353 1487 392 porro
1535 365 1538 368 -

143 414 435 453 conformitate
456 415 573 453 valde
596 414 877 467 propinquum
906 427 998 452 sese
1026 414 1220 452 ostendit.
1274 414 1488 452 Rariorem

140 488 250 527 hunc
279 489 510 528 caudicibus
543 489 819 529 semimortuis
850 487 996 527 Salicis
1027 487 1145 526 albae
1171 489 1484 537 increscentem,

141 563 368 603 solitarium
391 564 748 616 subgregariumve
772 563 988 615 aliquoties
1017 564 1246 615 reperimus
1276 564 1337 614 (v.
1369 579 1404 603 c.
1436 564 1488 602 ad

147 635 396 693 Ullersdorfl·
438 634 748 693 Thiemendorf)
787 638 1078 687 autumnalem,
1126 648 1306 678 ceterum
1343 639 1486 692 procul

141 712 268 750 dubio
297 726 535 764 perennem.

245 787 336 825 751.
382 787 426 824 B.
466 785 749 824 velutinus.

506 875 547 905 α,
580 858 691 896 albus

503 932 551 981 β,
561 943 573 945 ”
584 932 772 970 lucescens

139 1008 300 1048 Crescit
328 1021 408 1045 var.
439 1022 480 1053 α,
511 1017 593 1045 tota
633 1007 722 1045 alba
760 1008 802 1043 in
828 1007 947 1060 lignis
976 1007 1093 1046 siccis
1122 1020 1265 1059 parum
1294 1007 1486 1060 fiequens

139 1083 374 1133 (Moholzer
404 1081 562 1132 Haide)
592 1081 735 1134 Aprili.
790 1084 887 1120 Var.
918 1080 965 1130 β,
1008 1082 1103 1120 item
1146 1093 1381 1121 truncorum
1420 1097 1484 1120 ra-

138 1171 379 1209 morumque
416 1144 624 1195 aridorum
661 1159 861 1194 variorum
902 1157 1062 1202 incola,
1111 1157 1184 1195 sed
1224 1158 1407 1195 crebrior
1445 1167 1485 1196 et

138 1232 403 1278 autumnalis,
442 1230 581 1269 differt
619 1229 724 1283 pileo
761 1231 947 1282 inprimis
985 1245 1106 1269 secus
1135 1230 1278 1270 fascias
1319 1231 1484 1281 (distin-
1525 1258 1528 1260 Δ

139 1306 294 1344 otiores
325 1319 443 1358 quam
471 1308 513 1343 in
542 1307 608 1356 α,)
637 1305 884 1343 lutescente:
917 1319 994 1342 una
1012 1305 1235 1358 eademque
1257 1320 1348 1346 esse
1367 1307 1483 1346 vide-

138 1390 203 1418 tur
231 1394 324 1418 cum
347 1381 390 1417 Β.
423 1380 633 1417 lucescente
653 1381 779 1426 Pers„
811 1379 886 1419 sed.
913 1393 1023 1418 mera
1054 1381 1224 1419 omnino
1255 1390 1318 1420 est
1347 1382 1395 1419 B.
1418 1396 1482 1419 ve·

137 1455 252 1494 lucini
279 1455 467 1493 varietas.
527 1456 625 1492 Pori
652 1457 812 1506 utrique
843 1454 1103 1502 conformes,
1133 1456 1263 1507 parvi.
1323 1456 1481 1495 Occur-

135 1530 190 1568 rit
218 1530 320 1568 haec
349 1529 444 1567 hinc
472 1530 608 1578 illinc,
639 1529 897 1581 Septembri,
929 1529 1117 1568 Octobri.

241 1604 332 1655 752.
377 1604 426 1642 B.
463 1604 766 1643 ochraceus.

137 1677 268 1716 Pileus
297 1681 359 1716 vix
386 1689 582 1725 zonatus,
629 1677 796 1716 sordide
840 1676 985 1716 fulvus.
1044 1679 1174 1730 Fungi
1212 1677 1390 1729 juniores
1419 1689 1482 1717 to-

134 1763 316 1791 mentum
344 1753 467 1792 molle
496 1756 592 1792 satis
623 1753 819 1799 densum,
850 1766 873 1790 a
903 1753 1026 1790 latere
1057 1763 1330 1804 conspectum
1360 1767 1482 1792 cane-

135 1841 280 1874 scens,
330 1838 460 1866 aetate
504 1827 797 1880 progredIente
837 1829 987 1866 sensim
1035 1827 1389 1875 subevanescens,
1440 1831 1481 1865 in

133 1902 244 1954 pileo
263 1912 422 1954 gerunt.
478 1903 724 1954 Neutiquam
744 1915 831 1940 rara
851 1903 1014 1953 species
1034 1901 1085 1939 ad
1108 1911 1297 1949 truncos,
1328 1916 1478 1949 ramos,

133 1976 237 2029 ligna
275 1980 316 2015 in
362 1978 564 2029 sylvaticis
601 1976 812 2016 frondosis
850 1980 1028 2029 passim:
1074 1986 1268 2014 autumno
1308 1978 1482 2016 velutina

132 2053 414 2103 intensiusque
445 2052 646 2099 colorata,
684 2065 781 2090 vere
809 2051 1050 2090 laeviuscula
1080 2061 1121 2089 et
1158 2051 1335 2089 dilutior.
1395 2052 1482 2102 (Ita

131 2138 211 2164 nec
248 2129 291 2163 in
327 2126 598 2165 antecedente
636 2139 735 2164 vero
781 2125 963 2164 absimile
1010 2135 1096 2173 est,
1145 2126 1191 2162 Β.
1231 2125 1482 2164 lacescentem

132 2201 402 2238 autumnalem
433 2201 579 2253 hyeme
599 2200 769 2238 durante
797 2200 958 2238 nivibus
987 2210 1067 2238 etc.
1100 2210 1344 2238 maceratum
1375 2202 1479 2239 exal-

131 2274 327 2320 bescere,
358 2288 407 2312 ac
434 2275 529 2312 inde
558 2277 600 2311 in
629 2275 676 2311 Β.
706 2273 923 2311 velutinum
952 2274 1154 2313 vernalem
1188 2275 1476 2325 transmutari).

132 2347 196 2386 Ab
227 2348 403 2386 Octobri
431 2351 473 2386 in
500 2348 684 2400 Aprilem
713 2360 858 2399 usque.

237 2421 327 2472 753.
373 2423 421 2461 B.
462 2422 784 2461 versicolor.

499 2511 539 2543 α,
568 2497 751 2547 vulgaris

495 2585 536 2624 γ,
567 2573 772 2624 stipitcztus

133 2644 263 2683 Pileus
292 2659 386 2684 mox
413 2648 546 2684 minus
574 2649 750 2698 magisve
780 2654 1063 2692 tomentosus,
1100 2658 1197 2684 mox
1222 2644 1344 2685 laevis
1372 2645 1472 2686 fere.

131 2720 418 2772 Vulgatissima
446 2730 509 2759 est
538 2735 578 2767 a,
610 2721 662 2758 ad
701 2731 867 2759 truncos
904 2723 1057 2768 varios,
1099 2734 1120 2759 e
1158 2719 1304 2773 quibus
1342 2714 1475 2760 tamen
