1928 3051
1486 172 1557 211 155

217 290 321 345 pileo
350 291 476 339 iuteo,
508 291 646 344 glabro
676 291 854 343 quidem,
886 290 959 329 sed
979 293 1116 338 sicco;
1149 289 1398 329 lamellarum
1419 291 1557 339 eolore

216 366 512 418 jucundissimo
541 365 668 404 multo
700 366 847 404 diutius
875 368 1146 417 persistente,
1185 380 1263 404 nec
1289 369 1367 404 nisi
1395 365 1558 404 demum

217 440 463 492 aliquantum
501 444 738 486 immutat03
792 441 927 492 stipite
963 443 1160 478 crassiore
1200 440 1429 479 distinctius
1468 440 1559 481 bul*

216 512 338 551 boso.
396 514 517 552 Amat
554 518 596 552 in
635 514 884 553 nostratibus
912 515 1134 565 penetralia
1163 514 1363 567 sylvarum
1390 514 1557 553 umbro-

217 590 398 634 sissima,
431 602 532 640 quae
562 591 713 640 passim
741 589 884 626 incolit
912 590 1024 639 Sept.
1058 589 1153 626 Oet.

321 661 412 713 437.
458 663 509 699 A.
551 662 599 700 C.
643 661 986 700 decolorans.

218 736 393 774 Habitus
422 735 696 787 praecedente
726 738 910 773 tenuior:
942 736 1062 787 stipes
1089 737 1153 772 vix
1179 736 1281 781 ultra
1307 740 1332 785 4
1352 736 1420 774 lin.
1453 749 1560 777 cras-

217 822 301 849 sus.
379 809 588 847 Lamellae
632 808 740 846 illico
793 808 1044 846 decolorant.
1115 810 1162 846 In
1205 811 1325 861 sylvis
1359 813 1554 858 acerosis,

218 886 459 935 praesertim
487 883 640 936 pineis,
674 881 882 934 frequens.
940 882 1018 921 Per
1045 892 1177 921 totum
1204 894 1453 923 autumnum.

401 1011 467 1062 cc)
512 1008 1372 1060 Elaeochrocephalae.

321 1106 414 1157 438.
461 1107 511 1145 A.
552 1108 600 1145 C.
643 1105 892 1144 infracta.

222 1181 383 1220 Colores
422 1181 634 1232 descriptu
671 1180 909 1218 difficillimi.
967 1179 1162 1218 Staturae
1189 1180 1463 1220 dimensiones
1490 1194 1560 1222 va,-

216 1258 315 1294 riae.
376 1255 508 1292 Pileus
535 1258 697 1293 nonnisi
723 1257 851 1294 rarius
879 1253 1073 1294 infractus
1092 1257 1133 1292 in
1155 1257 1328 1302 nostris,
1361 1255 1434 1294 sed
1455 1267 1562 1293 sem-

218 1344 294 1383 per
321 1330 563 1382 inaequalis,
602 1332 709 1367 varie
747 1329 889 1369 flexus.
957 1328 1091 1380 Sapor
1117 1329 1365 1375 vehemens,
1403 1329 1558 1376 felleus,

221 1408 401 1444 omnium
440 1404 579 1443 forsan
614 1407 899 1442 amar1ssiinus.
927 1438 929 1440 .
975 1404 1128 1443 Passim
1162 1406 1352 1454 provenit
1388 1403 1560 1442 subcae-

222 1482 375 1530 spitosa
403 1478 502 1517 locis
539 1478 738 1531 sylvarum
774 1481 1004 1517 nemorosis
1041 1477 1245 1517 frondosis
1282 1475 1558 1526 (Edelknabe3

223 1552 410 1591 Lo‘bcmer
438 1554 589 1604 Berg).
647 1555 760 1604 Sept.
793 1553 889 1590 Oct.

324 1627 415 1679 439.
462 1627 513 1665 A.
554 1627 603 1665 C.
643 1627 911 1666 subtorta.

220 1702 395 1739 Mixtura
432 1701 527 1739 huic
566 1701 718 1746 coloris
760 1701 940 1739 coerulei
978 1699 1042 1739 vel
1078 1703 1120 1738 in
1157 1702 1306 1751 stipitis
1343 1702 1461 1751 apice
1501 1702 1562 1738 vix

220 1776 310 1814 ulla.
380 1775 512 1827 Stipes
551 1775 643 1826 plus
682 1778 813 1814 minus
852 1785 999 1813 tortus.
1077 1774 1249 1813 Statura
1287 1774 1561 1826 praecedente

220 1853 458 1901 procerior:
490 1864 612 1902 sapor
639 1853 737 1888 item
765 1863 948 1895 amarus,
985 1848 1060 1888 sed
1087 1852 1219 1886 minus
1247 1848 1559 1901 adstringenter.

221 1923 454 1963 Invenimus
495 1928 676 1976 speciem
712 1938 841 1962 raram
880 1923 974 1962 loco
1010 1927 1135 1962 unico
1163 1924 1340 1962 abietino
1371 1924 1562 1962 umbroso

221 1998 559 2050 (linchenwiese)
590 2002 770 2051 cognatis
799 2001 1126 2049 praecociorein.
1184 1999 1289 2051 Aug.
1320 2000 1434 2050 Sept.

325 2077 416 2123 440.
462 2073 508 2110 A.
548 2073 596 2111 C.
637 2072 1114 2125 fulvo-fuliginea.

223 2147 396 2185 Statura
431 2147 643 2186 variabilis.
711 2147 844 2200 Stipes
884 2147 1172 2185 coerulescens
1211 2156 1280 2184 aut
1315 2146 1558 2186 violascens.

223 2220 358 2272 Sapor
394 2222 518 2267 lenis,
570 2222 796 2260 nullatenus
840 2225 1073 2259 amaricans.
1146 2220 1327 2258 Solitaria
1365 2223 1558 2266 occurrit,

222 2295 297 2333 sed
326 2295 434 2333 haud
461 2295 720 2348 infrequens,
760 2299 801 2332 in
828 2296 947 2347 sylvis
984 2297 1224 2346 praesertim
1259 2294 1444 2333 abietinis
1473 2308 1562 2332 mu-

222 2372 354 2407 scosis
383 2369 602 2408 umbrosis.
659 2370 904 2421 Septembri.

326 2448 414 2493 44¹·
459 2444 509 2482 A.
551 2444 598 2481 C.
639 2444 1019 2497 lepidomyces
1055 2458 1225 2483 nonis.

210 2517 273 2559 ¹A⁴
308 2517 352 2555 C.
382 2518 486 2569 pileo
517 2517 729 2555 umbonaco
760 2518 1239 2570 hemisphaerico-plano
1270 2533 1289 2555 e
1311 2518 1466 2555 cervino
1492 2517 1562 2555 oli·

209 2603 405 2635 ‘nascente
432 2592 645 2647 squamulis
674 2591 966 2647 subsqzcarrosis
995 2591 1284 2630 obscurioribus
1317 2593 1445 2638 hirto,
1477 2606 1563 2631 cor-

225 2666 309 2703 timi
338 2665 629 2710 ςαῖιαιιηιιῖαεᾶς
659 2666 826 2721 lamelLis
856 2664 1115 2724 subeon-fertis
1137 2668 1391 2719 emarginato
1410 2688 1425 2695 —
1443 2666 1563 2705 adne-

1587 2445 1667 2476 Tab.
1677 2446 1744 2476 ΧΠ

1627 2509 1651 2539 f.
1678 2521 1703 2540 ι.
