1928 3051
390 169 459 194 112
940 176 1173 189 --—-·——

386 287 460 326 spe
501 273 566 311 tufi
604 271 895 312 caducissimus
933 280 974 310 te
1010 270 1132 310 fallet.
1190 269 1302 324 Styzi
1329 275 1371 309 in
1397 275 1551 311 nostris
1579 273 1720 312 distin·

387 359 452 386 cte
482 356 799 397 constanterque
828 344 1049 395 simplices.
1110 345 1344 394 Autumno,
1382 349 1512 384 rarior
1539 361 1645 386 vere.

489 420 581 459 313.
626 421 688 458 M.
730 418 1122 457 herbariorum.

386 494 552 532 Peridia
582 493 807 539 interdum,
850 495 1018 530 tomenti
1046 492 1158 531 filum
1186 506 1309 531 unum
1338 494 1557 532 alterumve
1587 506 1726 532 secum

385 568 634 613 attollentia,
685 570 863 618 stipitata
905 579 996 605 sese
1043 570 1303 605 mentiuntur.
1378 569 1496 605 Extra
1544 567 1726 605 herbaria

387 645 505 679 etiam
555 644 671 692 panis
722 641 895 679 indurati
933 640 1273 693 mucidorumque
1313 641 1514 693 lignorum
1553 642 1725 679 incolam

387 719 539 767 passim
568 716 754 754 vidimus.
813 716 993 767 Hyeme,
1026 728 1133 753 vere.

503 840 568 879 30.
627 840 1389 879 CHORDOSTYLUM
1444 853 1609 879 'roni-z.

492 940 705 989 Fungus
752 940 1062 989 stipitatus‚
1120 940 1526 976 tenacissimus:
1586 936 1725 988 capi-

391 1012 498 1050 ειιίυ
534 1011 786 1064 globoso,
833 1015 1050 1049 interne
1086 1011 1492 1057 fructificante,
1541 1009 1727 1049 subde=

389 1087 575 1132 cidu0;
607 1087 789 1137 stipite
816 1086 1125 1137 longissimo
1158 1085 1491 1123 subramosm.

493 1159 584 1209 514.
631 1159 681 1197 C.
721 1158 988 1210 capillare
1033 1158 1177 1196 Tocle.

389 1234 455 1272 De
484 1246 658 1285 genere,
702 1235 955 1284 quantumvis
991 1232 1158 1270 ulterius
1196 1245 1362 1271 examen
1399 1233 1658 1283 requirente,
1687 1231 1730 1269 id

391 1317 527 1345 tamen
561 1320 637 1358 pro
676 1316 791 1344 certo
831 1316 994 1344 constat
1027 1328 1080 1335 —-
1118 1306 1254 1344 medio
1292 1308 1398 1344 inter
1438 1307 1618 1343 Macoris
1658 1305 1730 1342 Hi-

392 1383 648 1434 mantiaeque
677 1393 805 1433 genus
833 1382 927 1419 loco
958 1384 1163 1432 positum,
1199 1381 1250 1419 ab
1281 1381 1345 1418 illo
1375 1379 1549 1417 fabricae
1578 1381 1730 1417 tenaci-

392 1467 472 1494 tate
500 1470 548 1495 ac
581 1456 872 1507 longaevitate,
924 1454 974 1492 ab
1013 1455 1086 1491 hoc
1123 1455 1413 1493 fructescentia
1450 1453 1732 1491 mucoriformi

390 1533 517 1582 magis
555 1529 741 1574 differre,
785 1542 903 1580 quam
942 1539 987 1567 ut
1022 1543 1114 1567 cuin
1151 1530 1344 1567 alterutro
1376 1526 1566 1580 conjungi
1595 1536 1727 1579 queat.

396 1603 626 1655 Capitulum
656 1603 869 1649 fatiscens,
901 1603 1214 1654 pulveremque,
1247 1617 1367 1655 quem
1394 1611 1511 1640 vocat
1532 1601 1574 1639 b.
1609 1600 1729 1648 Tode,

394 1681 659 1717 sementivum
689 1680 878 1715 emittens
907 1691 985 1716 nos
1006 1691 1171 1729 quoque
1207 1677 1333 1715 semel
1363 1676 1473 1714 bisve
1503 1676 1732 1726 conspicati

393 1765 546 1791 sumus.
614 1751 781 1803 Stipices
810 1751 924 1789 valde
954 1752 1117 1789 demum
1146 1751 1320 1802 elongati
1348 1764 1396 1788 ac
1423 1749 1616 1795 flexuosi,
1658 1749 1733 1785 Hi-

393 1829 564 1864 mantiae
594 1825 802 1878 cujusdam
831 1825 893 1863 vel
922 1825 1252 1876 Rhizomorphae
1280 1824 1448 1870 aemuli,
1484 1833 1648 1875 praeter
1678 1821 1733 1859 fa-

394 1903 504 1938 rinae
542 1899 765 1952 baseosque
797 1900 966 1938 stellaris
1004 1898 1208 1936 defectum
1239 1892 1472 1935 Himantiae
1493 1894 1736 1952 farinaceae

395 1975 526 2025 (quae
554 1988 604 2012 an
636 1973 944 2026 Chordostylnm
974 1973 1212 2025 hispidulum
1246 1971 1384 2009 Tocle?
1415 1970 1471 2009 cf,
1507 1984 1610 2022 quae
1636 1969 1738 2007 infra

395 2049 668 2098 notabuntur)
697 2048 802 2086 haud
829 2048 1031 2086 absimiles
1061 2057 1177 2085 sunt:
1210 2047 1284 2085 sed
1313 2059 1433 2098 quam
1457 2045 1617 2083 diversa
1636 2046 1736 2081 utri-

397 2136 476 2173 que
516 2123 639 2174 fungo
676 2122 864 2168 historia,
904 2122 1019 2160 facile
1047 2132 1174 2173 patet.
1203 2142 1256 2150 ——-
1284 2121 1333 2158 ln
1362 2119 1588 2172 quisquiliis
1615 2130 1736 2170 vege·

398 2196 584 2234 tabilibus
614 2197 726 2234 humi
752 2196 977 2248 jacentibus
1005 2196 1218 2234 hortorum
1236 2225 1245 2242 ,
1283 2208 1472 2247 agrorum
1503 2203 1584 2232 etc.
1616 2192 1738 2231 coeio

400 2270 535 2321 pluvio
564 2273 728 2308 minime
757 2270 1004 2321 infrequens.
1059 2271 1170 2308 Vere
1201 2279 1242 2306 et
1267 2278 1431 2307 aestate.

781 2394 847 2433 31.
907 2394 1354 2434 ONYGENA.

501 2489 589 2528 315.
635 2492 687 2529 O.
728 2494 934 2544 equina.

398 2562 433 2600 E
462 2561 610 2602 farinae
639 2565 750 2603 albae
789 2566 987 2604 acervulis
1027 2567 1212 2604 stratisve
1248 2562 1466 2603 subeffitzis
1495 2561 1647 2614 fungilli
1673 2573 1738 2600 as-

401 2647 570 2688 surgunt
605 2640 888 2690 primordiales
923 2640 1113 2693 amorphi
1149 2639 1318 2691 pulvere
1355 2640 1433 2675 toti
1470 2637 1650 2680 obtecti,
1697 2637 1738 2671 in
